%%% General %%%%

@book{mallat2009a-wav,
	Author = {Mallat, S. G.},
	Date-Added = {2011-08-30 08:42:53 +0000},
	Date-Modified = {2014-05-02 07:31:26 +0000},
	Edition = {Third},
	Publisher = {Elsevier/Academic Press, Amsterdam},
	Title = {{A wavelet tour of signal processing}},
	Year = {2009}}

@article{Shannon1948,
  author = {Shannon, C. E.},
  journal = {The Bell System Technical Journal},
  number = 3,
  pages = {379--423},
  title = {{A} {M}athematical {T}heory of {C}ommunication},
  volume = 27,
  year = 1948
}

@Article{shannon1949,
  Author         = "C. E. Shannon",
  Title          = "Communication in the Presence of Noise",
  Journal        = "Proc. Institute of Radio Engineers",
  Volume         = "37",
  Number         = "1",
  Pages          = "10--21",
  year           = 1949
}

@book{Whittaker35,
  Author         = "J.M. Whittaker",
  Title          = "Interpolatory Function Theory",
  publisher        = "Cambridge University Press, London",
  year           = 1935
}

@article{Huffman52,
  author = {Huffman, D. A.},
  journal = {Proceedings of the Institute of Radio Engineers},
  number = 9,
  pages = {1098--1101},
  title = {A Method for the Construction of Minimum-Redundancy Codes},
  volume = 40,
  year = 1952
}

@book{CoverThomas,
  author = {T. M. Cover and J. A. Thomas},
  publisher = {Wiley-Interscience},
  title = {Elements of Information Theory},
  year = 2006
}

@article{RissanenLangdon79,
  author = {J. Rissanen and G. Langdon},
  journal = {IBM Journal of Research and Development},
  volume = 23,
  number = 2,
  pages = {149--162},
  title = {Arithmetic coding},
  year = 1979
}



@article{2011-peyre-cise,
  gsid = { 3235664280642545994 },
  url = {www.numerical-tours.com},
  doi = { doi:10.1109/MCSE.2011.71 },
  year = { 2011 },
  pages = { 94--97 },
  number = { 4 },
  volume = { 13 },
  journal = { IEEE Computing in Science and Engineering },
  author = { G. Peyr{\'e} },
  title = { The Numerical Tours of Signal Processing - Advanced Computational Signal and Image Processing, \url{www.numerical-tours.com} },
}


