



%%%% L1 %%%%%

@article{tibshirani1996regre,
	Author = {Tibshirani, R.},
	Journal = {Journal of the Royal Statistical Society. Series B. Methodological},
	Number = {1},
	Pages = {267--288},
	Title = {Regression shrinkage and selection via the {L}asso},
	Volume = {58},
	Year = {1996},
}

@article{chen1999atomi,
	Author = {Chen, S. S. and Donoho, D. L. and Saunders, M. A.},
	Date-Modified = {2014-03-08 00:05:19 +0000},
	Journal = {SIAM journal on scientific computing},
	Number = {1},
	Pages = {33--61},
	Publisher = {Citeseer},
	Title = {Atomic decomposition by basis pursuit},
	Volume = {20},
	Year = {1999},
}

@article{DonohoCurse,
	Author = {Donoho, D. L.},
	Journal = {Lecture ``Math Challenges of the 21st Century''},
	Title = {High-Dimensional Data Analysis: The Curses and Blessings of Dimensionality},
	Year = {2000},
}




@article{santosa1986linear,
	Author = {Santosa, F. and Symes, W.W.},
	Date-Modified = {2014-03-11 15:11:45 +0000},
	Doi = {10.1137/0907087},
	Journal = {SIAM Journal on Scientific and Statistical Computing},
	Number = {4},
	Pages = {1307--1330},
	Publisher = {SIAM},
	Title = {Linear inversion of band-limited reflection seismograms},
	Volume = {7},
	Year = {1986},}
	
%%% Greedy %%%%%

@techreport{davis94adaptive,
	Author = {Davis, G. and Mallat, S.G. and Zhang, Z.},
	Date-Added = {2011-09-21 08:07:34 +0000},
	Date-Modified = {2011-09-24 16:20:27 +0000},
	Institution = {Courant Institute of Mathematical Sciences},
	Title = {Adaptive Time-Frequency Approximations with Matching Pursuits},
	Year = {1994},
}

@ARTICLE{MallatMP, 
author={S. G. Mallat and Z. Zhang}, 
journal={IEEE Transactions on Signal Processing}, 
title={Matching pursuits with time-frequency dictionaries}, 
year={1993}, 
volume={41}, 
number={12}, 
pages={3397--3415}, 
}

	

@article{Natarajan95,
author = {B. K. Natarajan},
title = {Sparse Approximate Solutions to Linear Systems},
journal = {SIAM Journal on Computing},
volume = {24},
number = {2},
pages = {227--234},
year = {1995},
doi = {10.1137/S0097539792240406},
}



	
%%%% CS %%%%

@ARTICLE{DuarteSinglePixel, 
author={M. F. Duarte and M. A. Davenport and D. Takbar and J. N. Laska and T. Sun and K. F. Kelly and R. G. Baraniuk}, 
journal={IEEE Signal Processing Magazine}, 
title={Single-Pixel Imaging via Compressive Sampling}, 
year={2008}, 
volume={25}, 
number={2}, 
pages={83--91}, 
ISSN={1053-5888}, 
month={March},}



@article{donoho2006compressed,
	Author = {Donoho, D. L.},
	Date-Added = {2011-09-09 16:14:12 +0000},
	Date-Modified = {2014-05-02 07:29:43 +0000},
	Journal = {Information Theory, IEEE Transactions on},
	Number = {4},
	Pages = {1289--1306},
	Publisher = {IEEE},
	Title = {Compressed sensing},
	Volume = {52},
	Year = {2006},
}


@article{candes2006stable,
	Author = {Cand{\`e}s, E. J. and Romberg, J. and Tao, T.},
	Date-Modified = {2014-03-07 23:45:54 +0000},
	Journal = {Communications on pure and applied mathematics},
	Number = {8},
	Pages = {1207--1223},
	Publisher = {Wiley Online Library},
	Title = {Stable signal recovery from incomplete and inaccurate measurements},
	Volume = {59},
	Year = {2006},
}


@article{dossal-laa-09,
  gsid = { 17145853187383238403 },
  comment = { code },
  doi = { doi:10.1016/j.laa.2009.11.022 },
  url = { http://hal.archives-ouvertes.fr/hal-00402455/ },
  year = { 2010 },
  pages = { 1663--1679 },
  number = { 7 },
  volume = { 432 },
  journal = { Linear Algebra and Applications },
  author = { C. Dossal and G. Peyr{\'e} and J. Fadili },
  title = { A Numerical Exploration of Compressed Sampling Recovery },
}


@article{chandrasekaran2012convex,
	Author = {Chandrasekaran, V. and Recht, B. and Parrilo, P. A. and Willsky, A.},
	Date-Added = {2013-02-06 18:31:09 +0000},
	Date-Modified = {2014-03-08 00:05:02 +0000},
	Journal = {Foundations of Computational Mathematics},
	Number = {6},
	Pages = {805-849},
	Title = {The Convex Geometry of Linear Inverse Problems},
	Volume = {12},
	Year = {2012}
}


@inbook{2014-vaiter-ps-review,
  url = { http://hal.archives-ouvertes.fr/hal-01018927 },
  pages = { 103--153 },
  year = { 2015 },
  editor = { G{\"o}tz Pfander },
  publisher = { Springer-Birkh{\"a}user },
  chapter = { Sampling Theory, a Renaissance },
  author = { S. Vaiter and G. Peyr{\'e} and J. Fadili },
  title = { Low Complexity Regularization of Linear Inverse Problems },
}

%%% FMRI %%%%


@article{Chauffert14,
author = {N. Chauffert and P. Ciuciu and J. Kahn and P. Weiss},
title = {Variable Density Sampling with Continuous Trajectories},
journal = {SIAM Journal on Imaging Sciences},
volume = {7},
number = {4},
pages = {1962-1992},
year = {2014},
}


%%%% Deconvol %%%%


@article{candes-towards2013,
	Author = {E.J. Cand{\`e}s and C. Fernandez-Granda},
	Doi = {10.1002/cpa.21455},
	Issn = {1097-0312},
	Journal = {Communications on Pure and Applied Mathematics},
	Number = {6},
	Pages = {906--956},
	Title = {Towards a Mathematical Theory of Super-resolution},
	Url = {http://dx.doi.org/10.1002/cpa.21455},
	Volume = {67},
	Year = {2014},
	}


@article{2015-duval-focm,
  url = { http://hal.archives-ouvertes.fr/hal-00839635/ },
  year = { 2015 },
  doi = { 10.1007/s10208-014-9228-6 },
  pages = { 1315--1355 },
  number = { 5 },
  volume = { 15 },
  journal = { Foundations of Computational Mathematics },
  author = { V. Duval and G. Peyr{\'e} },
  title = { Exact Support Recovery for Sparse Spikes Deconvolution },
}

%%%% Numerics %%%%


@incollection{combettes2011proximal,
	Author = {Combettes, P. L. and Pesquet, J.-C.},
	Booktitle = {Fixed-Point Algorithms for Inverse Problems in Science and Engineering},
	Date-Modified = {2014-03-18 17:35:44 +0000},
	Doi = {10.1007/978-1-4419-9569-8_10},
	Editor = {Bauschke, H. H. and Burachik R. S. and Combettes, P. L. and Elser. V. and Luke, D. R. and H. Wolkowicz},
	Pages = {185--212},
	Publisher = {Springer},
	Title = {Proximal splitting methods in signal processing},
	Year = {2011},
}

@article{AdcockBreaking,
  author    = {B. Adcock and
               A. C. Hansen and
               C. Poon and
               B. Roman},
  title     = {Breaking the coherence barrier: asymptotic incoherence and asymptotic
               sparsity in compressed sensing},
  journal   = {CoRR},
  volume    = {abs/1302.0561},
  year      = {2013},
  url       = {http://arxiv.org/abs/1302.0561},
  timestamp = {Fri, 01 Mar 2013 15:41:02 +0100},
  biburl    = {http://dblp.uni-trier.de/rec/bib/journals/corr/abs-1302-0561},
  bibsource = {dblp computer science bibliography, http://dblp.org}
}