@book{mallat2008wavelet,
  title={A wavelet tour of signal processing: the sparse way},
  author={Mallat, Stephane},
  year={2008},
  publisher={Academic press}
}

@book{peyre2004algebre,
  title={L'alg{\`e}bre discr{\`e}te de la transform{\'e}e de Fourier},
  author={Peyr{\'e}, Gabriel},
  year={2004},
  publisher={Ellipses}
}

@misc{peyre2017nt,
  title={The Numerical Tours of Signal Processing},
  author={Gabriel Peyr\'e},
  howpublished = {\url{http://www.numerical-tours.com}},
  note = {Accessed: 2017-09-01}
}


@article{santambrogio2015optimal,
  title={Optimal transport for applied mathematicians},
  author={Santambrogio, Filippo},
  journal={Birk{\"a}user, NY},
  year={2015},
  publisher={Springer}
}


@article{peyre2017compot,
  title={Computational Optimal Transport},
  author={Gabriel Peyr\'e and Marco Cuturi},
  year={2017},
  howpublished = {\url{https://goo.gl/z5LReh}},
}


@book{foucart2013mathematical,
  title={A mathematical introduction to compressive sensing},
  author={Foucart, Simon and Rauhut, Holger},
  volume={1},
  number={3},
  year={2013},
  publisher={Birkh{\"a}user Basel}
}

@book{starck2015sparse,
  title={Sparse image and signal processing: Wavelets and related geometric multiscale analysis},
  author={Starck, Jean-Luc and Murtagh, Fionn and Fadili, Jalal},
  year={2015},
  publisher={Cambridge university press}
}

@book{boyd2004convex,
  title={Convex optimization},
  author={Boyd, Stephen and Vandenberghe, Lieven},
  year={2004},
  publisher={Cambridge university press}
}

@article{parikh2014proximal,
  title={Proximal algorithms},
  author={Parikh, Neal and Boyd, Stephen and others},
  journal={Foundations and Trends{\textregistered} in Optimization},
  volume={1},
  number={3},
  pages={127--239},
  year={2014},
  publisher={Now Publishers, Inc.}
}

@article{boyd2011distributed,
  title={Distributed optimization and statistical learning via the alternating direction method of multipliers},
  author={Boyd, Stephen and Parikh, Neal and Chu, Eric and Peleato, Borja and Eckstein, Jonathan},
  journal={Foundations and Trends{\textregistered} in Machine Learning},
  volume={3},
  number={1},
  pages={1--122},
  year={2011},
  publisher={Now Publishers Inc.}
}

@book{beck2014introduction,
  title={Introduction to Nonlinear Optimization: Theory, Algorithms, and Applications with MATLAB},
  author={Beck, Amir},
  year={2014},
  publisher={SIAM}
}

@article{beck2009gradient,
  title={Gradient-based algorithms with applications to signal recovery},
  author={Beck, Amir and Teboulle, Marc},
  journal={Convex optimization in signal processing and communications},
  pages={42--88},
  year={2009}
}

@article{chambolle2016introduction,
  title={An introduction to continuous optimization for imaging},
  author={Chambolle, Antonin and Pock, Thomas},
  journal={Acta Numerica},
  volume={25},
  pages={161--319},
  year={2016},
  publisher={Cambridge University Press}
}

@article{chambolle2010introduction,
  title={An introduction to total variation for image analysis},
  author={Chambolle, Antonin and Caselles, Vicent and Cremers, Daniel and Novaga, Matteo and Pock, Thomas},
  journal={Theoretical foundations and numerical methods for sparse recovery},
  volume={9},
  number={263-340},
  pages={227},
  year={2010},
  publisher={Walter de Gruyter}
}



@misc{OlahBlog,
  title={colah's blog},
  author={Christopher Olah},
  howpublished = {\url{http://colah.github.io/}},
  note = {Accessed: 2017-09-01}
}


@book{scherzer2009variational,
  title={Variational methods in imaging},
  author={Scherzer, Otmar and Grasmair, Markus and Grossauer, Harald and Haltmeier, Markus and Lenzen, Frank and Sirovich, L},
  year={2009},
  publisher={Springer}
}

@book{aubert2006mathematical,
  title={Mathematical problems in image processing: partial differential equations and the calculus of variations},
  author={Aubert, Gilles and Kornprobst, Pierre},
  volume={147},
  year={2006},
  publisher={Springer Science \& Business Media}
}

@book{friedman2001elements,
  title={The elements of statistical learning},
  author={Friedman, Jerome and Hastie, Trevor and Tibshirani, Robert},
  volume={1},
  year={2001},
  publisher={Springer series in statistics New York}
}

@book{murphy2012machine,
  title={Machine learning: a probabilistic perspective},
  author={Murphy, Kevin P},
  year={2012},
  publisher={MIT press}
}


@misc{rosasco2017notes,
  title={Regularization methods for large scale machine learning},
  author={Lorenzo Rosasco},
  howpublished = {\url{https://goo.gl/nJFoou}},
  note = {Accessed: 2017-09-01}
}


@article{ciarlet1982introduction,
  title={Introduction {\`a} l'analyse num{\'e}rique matricielle et {\`a} l'optimisation},
  author={Ciarlet, Philippe G},
  year={1982},
  publisher={masson}
}

@book{engl1996regularization,
  title={Regularization of inverse problems},
  author={Engl, Heinz Werner and Hanke, Martin and Neubauer, Andreas},
  volume={375},
  year={1996},
  publisher={Springer Science \& Business Media}
}


@misc{Rufflewind2017blog,
  title={Reverse-mode automatic differentiation: a tutorial },
  author={Rufflewind's Scratchpad},
  howpublished = {\url{https://goo.gl/jY5P5u}},
  note = {Accessed: 2017-09-01}
}


%% RIP %%


@Article{candes-cras,
  author =	"E. J. Cand{\`e}s",
  journal =	"Compte Rendus de l'Acad{\'e}mie des Sciences",
  number = "346",
  volume =	"Serie I",
  pages =	"589--592",
  title =	"The restricted isometry property and its implications for compressed sensing",
  year = 	"2006",
}

%%% implicit bias

@inproceedings{gunasekar2018characterizing,
  title={Characterizing implicit bias in terms of optimization geometry},
  author={Gunasekar, Suriya and Lee, Jason and Soudry, Daniel and Srebro, Nathan},
  booktitle={International Conference on Machine Learning},
  pages={1832--1841},
  year={2018},
  organization={PMLR}
}

@inproceedings{woodworth2020kernel,
  title={Kernel and rich regimes in overparametrized models},
  author={Woodworth, Blake and Gunasekar, Suriya and Lee, Jason D and Moroshko, Edward and Savarese, Pedro and Golan, Itay and Soudry, Daniel and Srebro, Nathan},
  booktitle={Conference on Learning Theory},
  pages={3635--3673},
  year={2020},
  organization={PMLR}
}

@article{vavskevivcius2019implicit,
  title={Implicit regularization for optimal sparse recovery},
  author={Va{\v{s}}kevi{\v{c}}ius, Tomas and Kanade, Varun and Rebeschini, Patrick},
  journal={arXiv preprint arXiv:1909.05122},
  year={2019}
}

@article{hoff2017lasso,
  title={Lasso, fractional norm and structured sparse estimation using a Hadamard product parametrization},
  author={Hoff, Peter D},
  journal={Computational Statistics \& Data Analysis},
  volume={115},
  pages={186--198},
  year={2017},
  publisher={Elsevier}
}

@article{zhao2019implicit,
  title={Implicit regularization via Hadamard product over-parametrization in high-dimensional linear regression},
  author={Zhao, Peng and Yang, Yun and He, Qiao-Chu},
  journal={arXiv preprint arXiv:1903.09367},
  year={2019}
}

@article{cybenko1989approximation,
  title={Approximation by superpositions of a sigmoidal function},
  author={Cybenko, George},
  journal={Mathematics of control, signals and systems},
  volume={2},
  number={4},
  pages={303--314},
  year={1989},
  publisher={Springer}
}

@article{bach2017breaking,
  title={Breaking the curse of dimensionality with convex neural networks},
  author={Bach, Francis},
  journal={The Journal of Machine Learning Research},
  volume={18},
  number={1},
  pages={629--681},
  year={2017},
  publisher={JMLR. org}
}


@article{bach2021book,
  title={Learning Theory from First Principles},
  author={Bach, Francis},
  year={2021},
}



@article{barron1993universal,
  title={Universal approximation bounds for superpositions of a sigmoidal function},
  author={Barron, Andrew R},
  journal={IEEE Transactions on Information theory},
  volume={39},
  number={3},
  pages={930--945},
  year={1993},
  publisher={IEEE}
}