@string {icassp = "Proc. IEEE Int. Conf. Acoust., Speech, and Signal Proc."}
@string {icip = "Proc. IEEE Int. Conf. Image Proc."}
@string {icc = "Proc. IEEE Int. Conf. Commun."}
@string {iscas = "Proc. IEEE Int. Symp. Circ. and Syst."}
@string {globecom = "Proc. IEEE Glob. Telecommun. Conf."}
@string {pvw = "Abstr. Second Int. Workshop on Packet Video"}
@string {spie = "Proc. SPIE Conf. on Vis. Commun. and Image Proc."}
@string {assp = "IEEE Trans. Acoust., Speech, and Signal Proc."}
@string {tsp = "IEEE Trans. Signal Proc."}
@string {tip = "IEEE Trans. Image Proc."}
@string {asspmag = "IEEE ASSP Mag."}
@string {aspmag = "IEEE Sig. Proc. Mag."}
@string {com = "IEEE Trans. Commun."}
@string {jsac = "IEEE J. on Sel. Areas in Commun."}
@string {cas = "IEEE Trans. Circ. and Syst."}
@string {cirsysvideo = "IEEE Trans. Circ. and Syst. for Video Tech."}
@string {pami = "IEEE Trans. Patt. Anal. and Mach. Intell."}
@string {brc = "IEEE Trans. Broadcast."}
@string {cons = "IEEE Trans. Cons. Electr."}
@string {educ = "IEEE Trans. Educ."}
@string {info = "IEEE Trans. Info. Theory"}
@string {ieee = "Proc. IEEE"}
@string {sp = "Signal Proc."}
@string {siam = "SIAM J. of Math. Anal."}
@string {ellet = "Electr. Letters"}
@string {cpam = "Commun. on Pure and Appl. Math."}
@string {improc = "IEEE Trans. Image Proc."}
@string {ams = "Trans. Amer. Math. Soc."}
@string {acha = "J. of Appl. and Comput. Harmonic Analysis"}
@string {bstj = "Bell System Tech. J."}
@string {astat = "Annals of Stat."}
@string{ijcv = "International Journal of Computer Vision"}
@string{mms = "SIAM Multiscale Modeling and Simulation"}
@string{tog = "ACM Transactions on Graphics"}
%@string{jmiv = "Journal of Mathematical Imaging and Vision"}
@string{jmiv = "J. Math. Imaging Vis."}
@String{j-MULTISCALE-MODELING-SIMUL = "Multiscale Modeling \& Simulation"}

%%%%%%%% BOOKS %%%%%%%%%%%


@BOOK{mallat-book,
  title        = {A Wavelet Tour of Signal Processing, 3rd edition},
  author       = {S. Mallat},
  publisher    = {Academic Press},
  address      = {San Diego},
  year         = 2009,
}

@book{daubechies-book,
author = "I.~Daubechies",
title = "Ten Lectures on Wavelets",
publisher = "SIAM, Philadelphia, PA", 
year = "1992",
}

@book{StrangN:96,
author = "G.~Strang and T.~Nguyen",
title = "Wavelets and Filter Banks",
publisher = "Wellesley-Cambridge Press, Boston", 
year = "1996",
}

@book{VetterliK:95,
author = "M.~Vetterli and J.~Kovacevic",
title = "Wavelets and Subband Coding",
publisher = "Prentice-Hall, Englewood Cliffs, NJ", 
year = "1995",
}



@ARTICLE{shannon-information,
  author       = {C. E. Shannon},
  key          = {Shannon},
  year         = 1948,
  title        = {A Mathematical Theory of Communication},
  pages        = {379--423},
  journal      = {The Bell System Technical Journal},
  volume       = 27,
  number       = 3,
}

%%%%%%%% PAPERS %%%%%%%%%%%

@ARTICLE{donoho-shrinkage,
  author       = {D. Donoho and I. Johnstone},
  title        = {Ideal spatial adaptation via wavelet shrinkage},
  year         = 1994,
  journal      = {Biometrika},
  volume       = 81,
  pages        = {425--455},
  month        = {Dec},
}

@ARTICLE{canny-edge-detection,
  author       = {Canny, A.},
  title        = {A computationnal approach to edge detection},
  journal      = pami,
  year         = 1986,
  volume       = 8,
  number       = 6,
  pages        = {679--698},
}

@ARTICLE{mumford-shah,
  author       = {D. Mumford and J. Shah},
  title        = {Optimal approximation by piecewise smooth functions and associated variational problems},
  year         = 1989,
  journal      = cpam,
  volume       = 42,
  pages        = {577--685},
}

@ARTICLE{rudin-tv,
  author       = {L. I. Rudin and S. Osher and E. Fatemi},
  title        = {Nonlinear total variation based noise removal algorithms},
  journal      = {Phys. D},
  volume       = 60,
  number       = {1-4},
  year         = 1992,
  issn         = {0167-2789},
  pages        = {259--268},
  doi          = {http://dx.doi.org/10.1016/0167-2789(92)90242-F},
  publisher    = {Elsevier Science Publishers B. V.},
  address      = {Amsterdam, The Netherlands, The Netherlands},
}


@ARTICLE{candes-tight-frame,
  author       = {E. Cand\`es and D. Donoho},
  title        = {New tight frames of curvelets and optimal representations of objects with piecewise {$\text{C}^2$} singularities},
  journal      = cpam,
  year         = 2004,
  volume       = 57,
  number       = 2,
  pages        = {219--266},
}

@article{candes-discrete-curvelet,
	Author = {E. J. Cand{\`e}s and L. Demanet and D. L. Donoho and L. Ying},
	Journal = mms,
	Title = {Fast Discrete Curvelet Transforms},
	year         = 2005,
  volume       = 5,
  pages        = {861-899},
}

@ARTICLE{portilla-denoise,
     AUTHOR= "Portilla, J. and Strela, V. and Wainwright, M.J. and Simoncelli E.P.",
     TITLE= "Image denoising using scale mixtures of {Gaussians}
     in the wavelet domain",
     JOURNAL= tip,
     VOLUME= 12,
     NUMBER= 11,
     PAGES= "1338--1351",
     MONTH= "November",
     YEAR= 2003,
}

%%% Sparsity algorithms

@article{figueiredo-nowak-em,
  author={M. Figueiredo and R. Nowak},
  title = "{An {EM} Algorithm for Wavelet-Based Image Restoration}",
  journal = tip,
  volume = "12",
  number = "8",
  pages = "906-916",
  year = 2003
}

@ARTICLE{daubechies-iterated,
  author       = {I. Daubechies and M. Defrise and C. De Mol},
  title        = {An iterative thresholding algorithm for linear inverse problems with a sparsity constraint},
  year         = 2004,
  journal      = cpam,
  volume       = 57,
  pages        = {1413--1541},
}

@ARTICLE{combettes-proximal,
  author       = {P. L. Combettes and V. R. Wajs},
  title        = {Signal recovery by proximal forward-backward splitting},
  journal      = mms,
  number = 4,
  volume = 4,
  year         = 2005,
}

@Article{nesterov-smooth,
 author =	"Y. Nesterov",
 title =	"Smooth minimization of non-smooth functions",
 journal =	"Math. Program.",
 volume =	"103",
 year = 	"2005",
 number =	"1, Ser. A",
 pages =	"127--152",
}

@article{chen-basis-pursuit,
    author = "S.S. Chen and D.L. Donoho and M.A. Saunders",
    title = "Atomic Decomposition by Basis Pursuit",
    journal = "SIAM Journal on Scientific Computing",
    volume = "20",
    number = "1",
    pages = "33--61",
    year = "1999",
}

@inproceedings{bect-chambolle-iterative,
       AUTHOR = "Bect, J. and Blanc F\'eraud, L. and Aubert, G. and Chambolle, A.",
       TITLE = "A $\ell_1$-Unified Variational Framework for Image Restoration",
       BOOKTITLE = "Proc. of ECCV04",
		publisher  = "Springer-Verlag",
       YEAR = "2004",
       PAGES = "Vol IV: 1-13",
}


@ARTICLE{chambolle-algo-tv,
AUTHOR = "A. Chambolle",
TITLE = "An algorithm for total variation minimization and applications",
JOURNAL = jmiv,
VOLUME = "20",
PAGES = "89--97",
YEAR = 2004
}


%%% Inpainting


@ARTICLE{starck-mca,
  author       = {J.-L. Starck and M. Elad and D.L. Donoho},
  journal      = {Advances in Imaging and Electron Physics},
  title        = {Redundant Multiscale Transforms and their Application for Morphological
                  Component Analysis},
  volume       = 132,
  year         = 2004,
}

@Article{masnou-level-lines,
  author =	"S. Masnou",
  title =	"Disocclusion: a variational approach using level
		 lines",
  journal =	tip,
  volume =	"11",
  year = 	"2002",
  number =	"2",
  month =	feb,
  pages =	"68--76",
}

@Article{ballester-joint-interpolation,
  author =	"C. Ballester and V.  Caselles and J. Verdera",
  title =	"Disocclusion by Joint Interpolation of Vector Fields
		 and Gray Levels",
  journal =	mms,
  volume =	"2",
  number =	"1",
  pages =	"80--123",
  year = 	"2003",
}


@InProceedings{bertalmio-inpainting,
  author =  "M. Bertalmio and G. Sapiro and V. Caselles and C.
         Ballester",
  title =   "Image inpainting",
  booktitle =   "Proc. of Siggraph 2000",
  year =    "2000",
  pages =   "417--424",
}



