@string{MIA = "Medical Image Analysis"}
@string{JMIV="{Journal of Mathematical Imaging and Vision}"}
@string{CVPR01="{Proceedings of the IEEE Computer Society Conference on Computer Vision and Pattern Recognition (CVPR'01)}"}

@inproceedings{leibon-delaunay-manifold,
 author = {G. Leibon and D. Letscher},
 title = {Delaunay triangulations and Voronoi diagrams for Riemannian manifolds},
 booktitle = {SCG '00: Proceedings of the sixteenth annual symposium on Computational geometry},
 year = {2000},
 pages = {341--349},
 publisher = {ACM},
 address = {New York, NY, USA},
 }
 
 @InProceedings{kobbelt-sqrt-3,
  author =	"L. Kobbelt",
  title =	"$\sqrt{3}$ Subdivision",
  pages =	"103--112",
  editor =	"Sheila Hoffmeyer",
  booktitle =	"Proc. of SIGGRAPH'00",
  month =	jul # " ~23--28",
  publisher =	"ACMPress",
  address =	"New York",
  year = 	"2000",
}

 
@INPROCEEDINGS{shroder-spherical-wavelets,
  author       = {P. Schr{\"{o}}der and W. Sweldens},
  title        = {Spherical {W}avelets: {E}fficiently {R}epresenting {F}unctions on the {S}phere},
  booktitle    = {Proc. of SIGGRAPH 95},
  pages        = {161--172},
  year         = 1995,
}

@article{daubechies-irregular-subdivision,
    author = {I. Daubechies and I. Guskov and W. Sweldens},
    title = {Regularity of Irregular Subdivision},
    journal = {Constructive Approximation},
    volume = 15,
    pages = {381--426},
    year = 1999
   }


@article{zorin-interpolating-subdivision,
    author = {D. Zorin and P. Schr{\"o}der and W. Sweldens},
    title = {Interpolating Subdivision for Meshes with Arbitrary Topology},
    journal = {Computer Graphics Proceedings (SIGGRAPH 96)},
    publisher = {ACM Siggraph},
    pages = {189--192},
    year = {1996},
   }

@INPROCEEDINGS{biermann-subdivision,
  author       = {H. Biermann and D. Zorin and A. Levin},
  title        = {Piecewise Smooth Subdivision Surfaces With Normal Control},
  pages        = {113--120},
  booktitle    = {Proc. of SIGGRAPH 2000},
  month        = jul,
  year         = 2000,
  series       = {Computer Graphics Proceedings, Annual Conference Series},
}

 
 
@INPROCEEDINGS{subdivision-course-siggraph,
  author       = {D. Zorin, P. Schroeder et al.},
  title        = {Subdivision Surfaces in Character Animation},
  booktitle    = {Course notes at SIGGRAPH 2000},
  year         = 2000,
  month        = jul,
}

@INPROCEEDINGS{derose-subdivision-character,
  author       = {T. {DeRose} and M. Kass and T. Truong},
  title        = {Subdivision Surfaces in Character Animation},
  booktitle    = {Proc. of SIGGRAPH 98},
  series       = {Computer Graphics Proceedings, Annual Conference Series},
  year         = 1998,
  month        = jul,
  pages        = {85--94},
}

@InProceedings{khodakovsky-progressive-compression,
  author =	"A. Khodakovsky and P. Schr{\"o}der and W.
		 Sweldens",
  title =	"Progressive Geometry Compression",
  pages =	"271--278",
  booktitle =	"Proceedings of the Computer Graphics Conference 2000
		 ({SIGGRAPH}-00)",
  month =	jul # " ~23--28",
  publisher =	"ACMPress",
  address =	"New York",
  year = 	"2000",
}
@Article{praun-spherical,
  author =	"E. Praun and H. Hoppe",
  title =	"Spherical parametrization and remeshing",
  journal =	"ACM Transactions on Graphics",
  volume =	"22",
  number =	"3",
  pages =	"340--349",
  month =	jul,
  year = 	"2003",
}


@InProceedings{guskov-meshes-multires,
  author =	"I. Guskov and W. Sweldens and P. Schr{\"o}der",
  title =	"Multiresolution Signal Processing for Meshes",
  pages =	"325--334",
  editor =	"Alyn Rockwood",
  booktitle =	"Proceedings of the Conference on Computer Graphics
		 (Siggraph99)",
  month =	aug # "8--13",
  publisher =	"ACM Press",
  year = 	"1999",
}
  
 @incollection {schroder-spherical-wav-texture,
   author = {P. Schr\"oder and W. Sweldens},
   title = {Spherical wavelets: {T}exture processing},
   booktitle = {Rendering Techniques '95},
   editor = {P. Hanrahan and W. Purgathofer},
   publisher = {Springer Verlag},
   address = {Wien, New York},
   month = {August},		   
   year = 1995,
   pp = {252--263}
  }
  
  @article{lounsbery-multires,
 author = {M. Lounsbery and T. D. DeRose and J. Warren},
 title = {Multiresolution analysis for surfaces of arbitrary topological type},
 journal = {ACM Trans. Graph.},
 volume = {16},
 number = {1},
 year = {1997},
 pages = {34--73},
 publisher = {ACM},
 address = {New York, NY, USA},
 }

  
@ARTICLE{eck-multiresolution,
  author       = {M. Eck and T. DeRose and T. Duchamp and H. Hoppe and M. Lounsbery and W. Stuetzle},
  title        = {Multiresolution {A}nalysis of {A}rbitrary {M}eshes},
  journal      = {Computer Graphics},
  volume       = 29,
  number       = {{Annual Conference Series}},
  pages        = {173--182},
  year         = 1995,
}


@article{sweldens-factoring,
    author = {I. Daubechies and W. Sweldens},
    title = {Factoring Wavelet Transforms into Lifting Steps},
    journal = {J. Fourier Anal. Appl.},
    volume = 4,
    number = 3,
    pages = {245-267},
    year = {1998}
}

@article{sweldens-lifting,
    author = {W. Sweldens},
    title = {The lifting scheme: {A} custom-design construction of biorthogonal wavelets},
    journal =  "Applied and Computation Harmonic Analysis",
    volume = 3,
    number = 2,
    pages = {186-200},
    year = 1996
}

@article {sweldens-listing-second-generation,
    author = {W. Sweldens},
    title = {The lifting scheme: {A} construction of second generation wavelets},
    journal = {SIAM J. Math. Anal.},
    number = 2,
    volume = 29,
    pages = {511-546},
    year = {1997}
   }

  
 @Article{chung-graph,
  author =	"F. R. K. Chung",
  title =	"Spectral Graph Theory",
  journal =	"Regional Conference Series in Mathematics, American
		 Mathematical Society",
  volume =	"92",
  year = 	"1997",
  pages =	"1--212",
}

@Book{kimmel-book,
  author =	"R. Kimmel",
  title =	"Numerical Geometry of Images: Theory, Algorithms, and Applications",
  publisher =	"Springer",
  year = 	"2004",
}

@InProceedings{clarkson-epsilon-nets,
  title =	"Building triangulations using epsilon-nets",
  author =	"K. L. Clarkson",
  booktitle =	"STOC",
  publisher =	"ACM",
  year = 	"2006",
  editor =	"Jon M. Kleinberg",
  pages =	"326--335",
}

@Article{eldar-farthest-point,
  author =	"Y. Eldar and M. Lindenbaum and M. Porat and Y. Y.
		 Zeevi",
  title =	"The Farthest Point Strategy for Progressive Image
		 Sampling",
  journal =	"IEEE Trans. Image Processing",
  volume =	"6",
  year = 	"1997",
  number =	"9",
  month =	sep,
  pages =	"1305--1315",
}

@Article{du-centroidal,
  author =	"Q. Du and V. Faber and M. Gunzburger",
  title =	"Centroidal {Voronoi} tessellations: Applications and
		 algorithms",
  journal =	"SIAM Review",
  year = 	"1999",
  volume =	"41",
  pages =	"637--676",
}


@ARTICLE{tenenbaum-isomap,
  author       = {J. B. Tenenbaum and V. de Silva and J. C. Langford},
  title        = {A {G}lobal {G}eometric {F}ramework for {N}onlinear {D}imensionality {R}eduction},
  journal      = {Science},
  year         = 2000,
  volume       = 290,
  number       = 5500,
  pages        = {2319--2323},
  month        = {Dec.},
}

@Book{bronstein-book,
  author =	"A. Bronstein and M. Bronstein and R. Kimmel ",
  title =	"Numerical Geometry of Non-Rigid Shapes",
  publisher =	"Springer",
  year = 	"2007",
}

@Book{paragios-handbook,
  author =	"N. Paragios and Y. Chen and O. D. Faugeras",
  title =	"Handbook of Mathematical Models in Computer Vision",
  publisher =	"Springer",
  year = 	"2005",
}

@Book{osher-fedkiw-book,
  author =	"S. J. Osher and R. Fedkiw",
  title =	"Level Set Methods and Dynamic Implicit Surfaces",
  publisher =	"Springer",
  year = 	"2002",
}

@Book{osher-paragios-book,
  author =	"S. J. Osher and N. Paragios",
  title =	"Geometric Level Set Methods in Imaging, Vision, and
		 Graphics",
  publisher =	"Springer-Verlag",
  year = 	"2003",
  month =	jul,
}

@article{sheffer-parameterization,
 author = {A. Sheffer and E. Praun and K. Rose},
 title = {Mesh parameterization methods and their applications},
 journal = {Found. Trends. Comput. Graph. Vis.},
 volume = {2},
 number = {2},
 year = {2006},
 issn = {1572-2740},
 pages = {105--171},
 publisher = {Now Publishers Inc.},
 address = {Hanover, MA, USA},
 }
 
 @ARTICLE{crandall-viscosity,
  author = {M. G. Crandall and H. Ishii and P-L. Lions},
  title = {User's guide to viscosity solutions of second order partial differential   equations},
  journal = {BULL.AMER.MATH.SOC},
  volume = {27},
  pages = {1},
  year = {1992}
}

@InCollection{floater-parameterization-survey,
  author       = "Floater, M. S. and Hormann, K.",
  title        = "Surface Parameterization: a Tutorial and Survey",
  booktitle    = "Advances in multiresolution for geometric modelling",
  pages        = "157--186",
  year         = "2005",
  editor       = "N. A. Dodgson and M. S. Floater and M. A. Sabin",
  publisher    = "Springer Verlag",
}

@InCollection{alliez-compression-survey,
  author       = "P. Alliez and C. Gotsman",
  title        = "Recent Advances in Compression of 3D Meshes",
  booktitle    = "Advances in multiresolution for geometric modelling",
  pages        = "3--26",
  year         = "2005",
  editor       = "N. A. Dodgson and M. S. Floater and M. A. Sabin",
  publisher    = "Springer Verlag",
}


@InCollection{alliez-remeshing-survey,
  author       = "P. Alliez and G. Ucelli and C. Gotsman and M. Attene",
  title        = "Recent Advances in Remeshing of Surfaces",
  booktitle    = "AIM@SHAPE repport",
  year         = "2005",
}



@ARTICLE{chen-han-shortest,
  author       = {J. Chen and Y. Hahn},
  title        = {Shortest {P}ath on a {P}olyhedron},
  journal      = {Proc. 6th {ACM} {S}ympos. {C}omput {G}eom},
  pages        = {360--369},
  year         = 1990,
}

@ARTICLE{cohen-contour-finding,
  author       = {L.D.~Cohen},
  title        = {Multiple {C}ontour {F}inding and {P}erceptual {G}rouping {U}sing {M}inimal {P}aths},
  journal      = JMIV,
  year         = 2001,
  volume       = 14,
  number       = 3,
  pages        = {225--236},
  month        = {May},
}

@ARTICLE{cohen-cohen-pami,
  author       = {L. D. Cohen and I. Cohen},
  title        = {Finite {E}lement {M}ethods for {A}ctive {C}ontour {M}odels and {B}alloons for {2-D} and {3-D} {I}mages.},
  journal      = {IEEE Transactions on Pattern Analysis and Machine Intelligence},
  volume       = {PAMI-15},
  page         = 11,
  year         = 1993,
}

@ARTICLE{cohen-kimmel-active-contour,
  author       = {L. D.  Cohen and R. Kimmel},
  title        = {Global {M}inimum for  {A}ctive {C}ontour Models: {A} {M}inimal {P}ath {A}pproach},
  journal      = {International Journal of Computer Vision},
  year         = 1997,
  volume       = 24,
  number       = 1,
  pages        = {57--78},
  month        = {Aug.},
}

@BOOK{cormen-algorithms,
  author       = {T. H. Cormen and C. E. Leiserson and R.
                  R. Rivest},
  year         = 1990,
  title        = {Introduction to Algorithms},
  publisher    = {MIT~Press},
  address      = {Cambridge, Massachusetts},
}

@BOOK{nr,
  author       = {W.H. Press et Al.},
  title        = {Numerical {R}ecipes in {C} : {T}he {A}rt of {C}omputer {P}rogramming},
  publisher    = {Cambridge University Press},
  year         = 1988,
}

@ARTICLE{floater-parametrisation,
  author       = {M. S. Floater and K. Hormann and M. Reimers},
  title        = {Parameterization of {M}anifold {T}riangulations},
  journal      = {Approximation Theory X: Abstract and Classical Analysis},
  pages        = {197--209},
  year         = 2002,
}

@INCOLLECTION{polthier-geodesic,
  title        = {Straightest {G}eodesics on {P}olyhedral {S}urfaces},
  author       = {K. and M. Schmies},
  booktitle    = {Mathematical Visualization},
  editor       = {H.-C. Hege and K. Polthier},
  publisher    = {Springer Verlag},
  optaddress   = {Heidelberg},
  year         = 1998,
  pages        = {135--150},
}

@ARTICLE{kimmel-shortest-paths,
  author       = {R. Kimmel and A. Amir and A. M. Bruckstein},
  title        = {Finding shortest paths on surfaces using level sets propagation},
  journal      = {IEEE Trans. on PAMI},
  volume       = 17,
  number       = 6,
  pages        = {635--640},
  year         = 1995,
}

@ARTICLE{losasso-octree,
  author       = {Frank Losasso and Fr\&\#233;d\&\#233;ric Gibou and Ron Fedkiw},
  title        = {Simulating water and smoke with an octree data structure},
  journal      = {ACM Trans. Graph.},
  volume       = 23,
  number       = 3,
  year         = 2004,
  issn         = {0730-0301},
  pages        = {457--462},
  doi          = {http://doi.acm.org/10.1145/1015706.1015745},
  publisher    = {ACM Press},
  address      = {New York, NY, USA},
}

@BOOK{nilsson-ai,
  author       = {N.J. Nilsson},
  title        = {Problem-solving Methods in Artificial Intelligence},
  year         = 1971,
  publisher    = {McGraw-Hill, New York},
}

@ARTICLE{peyre-geodesic-remeshing,
  author       = {G. Peyr\'{e} and L. D.  Cohen},
 title = {Geodesic Remeshing Using Front Propagation},
 journal = {Int. J. Comput. Vision},
 volume = {69},
 number = {1},
 year = {2006},
 pages = {145--156},
}

@ARTICLE{rohnert-shortest-paths,
  author       = {H. Rohnert},
  title        = {Shortest paths in the plane with convex polygonal obstacles},
  journal      = {Inf. Process. Lett.},
  volume       = 23,
  number       = 2,
  year         = 1986,
  issn         = {0020-0190},
  pages        = {71--76},
  doi          = {http://dx.doi.org/10.1016/0020-0190(86)90045-1},
  publisher    = {Elsevier North-Holland, Inc.},
  address      = {Amsterdam, The Netherlands, The Netherlands},
}

@BOOK{sethian-book,
  author       = {J.A. Sethian},
  title        = {Level Sets Methods and Fast Marching Methods},
  subtitle     = {{E}volving {I}nterfaces in {C}omputational {G}eometry, {F}luid
                  {M}echanics, {C}omputer {V}ision, and {M}aterials {S}cience},
  publisher    = {Cambridge University Press},
  edition      = {2nd},
  year         = 1999,
}

@ARTICLE{sethian-geodesic-path,
  author       = {R. Kimmel and J.A. Sethian},
  title        = {{C}omputing {G}eodesic {P}aths on {M}anifolds},
  journal      = {Proc. Natl. Acad. Sci.},
  volume       = 95,
  number       = 15,
  pages        = {8431--8435},
  url          = {http://citeseer.nj.nec.com/kimmel98computing.html},
  year         = 1998,
}

@ARTICLE{sethian-fast-method-unstructured-meshes,
  author       = {J.A. Sethian and A. Vladimirsky},
  title        = {Fast {M}ethods for the {E}ikonal and {R}elated {H}amilton-{J}acobi {E}quations on {U}nstructured {M}eshes},
  journal      = {Proc. Natl. Acad. Sci. USA},
  volume       = 97,
  number       = 11,
  pages        = {5699--5703},
  year         = 2000,
}


@INPROCEEDINGS{terzopoulos-adaptive,
  author       = {D. Terzopoulos and M. Vasilescu},
  year         = 1991,
  title        = {{Sampling} and {Reconstruction} with {Adaptive}
                  {Meshes}},
  booktitle    = {IEEE CVPR '91},
  pages        = {70--75},
  keywords     = {adaptive mesh generation, variational methods},
}

@INPROCEEDINGS{terzopoulos-adaptive-2,
  author       = {D. Terzopoulos and M. Vasilescu},
  year         = 1992,
  title        = {{A}daptive {M}eshes and {S}hells: {I}rregular {T}riangulation, {D}iscontinuities, and {H}ierarchical {S}ubdivision},
  booktitle    = {Proc. IEEE CVPR '92},
  address      = {Champaign, Illinois},
  pages        = {829--832},
}

@INPROCEEDINGS{tsitsiklis-trajectories,
  author       = {J. Tsitsiklis},
  title        = {{E}fficient {A}lgorithms for {G}lobally {O}ptimal {T}rajectories},
  booktitle    = {Proc. of 33rd Conference on Decision and Control, Lake Buena Vista},
  pages        = {1368--1373},
  year         = 1994,
}

@ARTICLE{tsitsiklis-TAC,
  author       = {J. Tsitsiklis},
  title        = {{E}fficient {A}lgorithms for {G}lobally {O}ptimal {T}rajectories},
  journal      = {IEEE Trans. on Automatic Control},
  month         = {Step.},
  year         = {1995},
  volume    = 40,
  number    = 9,
  pages     = {1528--1538},
}

@ARTICLE{zigelman-flattening,
  author       = {G. Zigelman and R. Kimmel and N. Kiryati},
  title        = {Texture {M}apping {U}sing {S}urface {F}lattening via {M}ulti-dimensional {S}caling},
  journal      = {IEEE Trans. on Visualization and Computer Graphics},
  volume       = 8,
  number       = 1,
  pages        = {198--207},
  year         = 2002,
}

@ARTICLE{goldberg-shortest,
  author       = {A. V. Goldberg and C. Harrelson},
  title        = {Computing the Shortest Path: {A*} Search Meets Graph Theory},
  journal      = {Technical Report MSR-TR-2004-24},
  year         = 2004,
}


@ARTICLE{spira-eikonal,
  title =	"An Efficient Solution to the Eikonal Equation",
  author =	"A. Spira and R. Kimmel",
journal = "Interfaces and Free Boundaries",
volume = "6",
number = "3",
pages = "315--327",
  year = 	"2004",
}

@ARTICLE{bronstein-manifold,
  author       = {A. M. Bronstein, M. M. Bronstein, R. Kimmel},
  title        = {Weighted distance maps computation on parametric three-dimensional manifolds},
  year         = 2007,
  journal      = {Journal of Computational Physics, accepted},
}

@InProceedings{prados-connectivity,
  author =	"E. Prados and C. Lenglet and J. P. Pons and
		 N. Wotawa and R. Deriche and O. D. Faugeras and S.
		 Soatto",
  title =	"Control Theory and Fast Marching Methods for Brain
		 Connectivity Mapping",
  booktitle =	"Proc. CVPR 2006",
  year = 	"2006",
}
@Article{sethian-static-hj,
  author =	"J. A. Sethian and A. Vladimirsky",
  title =	"Ordered Upwind Methods for Static {Hamilton--Jacobi}
		 Equations: Theory and Algorithms",
  journal =	"SIAM Journal on Numerical Analysis",
  volume =	"41",
  number =	"1",
  pages =	"325--363",
  month =	feb,
  year = 	"2003",
}

@article{osada-shape-distrib,
 author = {R. Osada and T. Funkhouser and B. Chazelle and D. Dobkin},
 title = {Shape distributions},
 journal = {ACM Trans. Graph.},
 volume = {21},
 number = {4},
 year = {2002},
 issn = {0730-0301},
 pages = {807--832},
 }

@inproceedings{ling-inner-distance,
  author    = {H. Ling and
               D. W. Jacobs},
  title     = {Using the Inner-Distance for Classification of Articulated
               Shapes.},
  booktitle = {CVPR 2005, 20-26 June 2005, San
               Diego, CA, USA},
  year      = {2005},
  pages     = {719--726},
}

@inproceedings{bronstein-mds-shapes,
  author    = {A. M. Bronstein and M. M. Bronstein and A. M. Bruckstein and R. Kimmel},
  title     = {Matching two-dimensional articulated shapes using generalized
multidimensional scaling},
  booktitle = {Proc. Conf. on Articulated Motion and Deformable Objects},
  year      = {2006},
  pages     = {48--57},
}

@Article{elad-bending-invariant,
  title =	"On Bending Invariant Signatures for Surfaces",
  author =	"A. Elad (Elbaz) and R. Kimmel",
  journal =	"IEEE Trans. Pattern Anal. Mach. Intell",
  year = 	"2003",
  number =	"10",
  volume =	"25",
  pages =	"1285--1295",
}

@article{belongie-shape-context,
  author    = {S. Belongie and
               J. Malik and
               J. Puzicha},
  title     = {Shape Matching and Object Recognition Using Shape Contexts},
  journal   = {IEEE Trans. Pattern Anal. Mach. Intell.},
  volume    = {24},
  number    = {4},
  year      = {2002},
  pages     = {509-522},
}


@inproceedings{ion-shape-matching,
  author    = {A. Ion and G. Peyr\'e and Y. Haxhimusa and S. Peltier and W. G. Kropatsch and L. Cohen},
  title     = {Shape Matching Using the Geodesic Eccentricity Transform},
  booktitle = {Proceedings of OAGM'07},
  year      = {2007},
}

@article{peyre-heuristics,
  author    = {G. Peyr\'e and L. Cohen},
  title     = {Heuristically Driven Front Propagation for Fast Geodesic Extraction},
  journal = {International Journal for Computational Vision and Biomechanics},
    volume    = {1},
  number    = {1},
  year      = {2007},
}
