@article{peyre2019computational,
  title={Computational optimal transport},
  author={Peyr{\'e}, Gabriel and Cuturi, Marco and others},
  journal={Foundations and Trends{\textregistered} in Machine Learning},
  volume={11},
  number={5-6},
  pages={355--607},
  year={2019},
  publisher={Now Publishers, Inc.}
}


@inproceedings{dantzig1991,
	title={Linear Programming},
	author={George B. Dantzig},
	Booktitle = {History of mathematical programming: a collection of personal reminiscences},
	Editor = {J. K. Lenstra and A. H. G. Rinnooy Kan and A. Schrijver},
	Pages = {257--282},
	Publisher = {Elsevier Science Publishers},
	Year = {1991}}


%%%%%%%%%%%%%%%%%%%%%%%%%%%%%%%%%%%%%%%%%% algorithms.bib %%%%%%%%%%%%%%%%%%%%%%%%%%%%%%%%%%%%%%%%%%

@Inbook{Dantzig1983,
author="George B. Dantzig",
editor="Bachem, Achim
and Korte, Bernhard
and Gr{\"o}tschel, Martin",
title="Reminiscences Aabout the origins of linear programming",
bookTitle="Mathematical Programming The State of the Art: Bonn 1982",
year="1983",
publisher="Springer",
pages="78--86",
}


@article{Hitchcock41,
  title={The distribution of a product from several sources to numerous localities},
  author={Hitchcock, Frank L},
  journal={Studies in Applied Mathematics},
  volume={20},
  number={1-4},
  pages={224--230},
  year={1941},
  publisher={Wiley Online Library}
}

@techreport{stougie2002polynomial,
  title={A polynomial bound on the diameter of the transportation polytope},
  author={Leen Stougie},
  year={2002},
  institution={TU/e, Technische Universiteit Eindhoven, Department of Mathematics and Computing Science}
}

@article{Kuhn1955,
author = {Harold W. Kuhn},
title= {The Hungarian method for the assignment problem},
journal = {Naval Research Logistics Quarterly},
year = 1955,
volume =2,
pages ={83--97}
}


@article{birkhoff,
  title={Tres observaciones sobre el algebra lineal},
  author={Birkhoff, Garrett},
  journal={Universidad Nacional de Tucum{\'a}n Revista Series A},
  volume={5},
  pages={147--151},
  year={1946}
}

@article{dantzig49econometrica,
 author = {George B. Dantzig},
 journal = {Econometrica},
 number = {3/4},
 pages = {200--211},
 title = {Programming of interdependent activities: {II} mathematical model},
 volume = {17},
 year = {1949}
}

@article{Dantzig51,
  title={Application of the simplex method to a transportation problem},
  author={Dantzig, George B},
  journal={Activity Analysis of Production and Allocation},
  volume={13},
  pages={359--373},
  year={1951}
}

@book{brualdi2006combinatorial,
  title={Combinatorial Matrix Classes},
  author={Brualdi, Richard A},
  volume={108},
  year={2006},
  publisher={Cambridge University Press}
}

@book{korte2012combinatorial,
  title={Combinatorial Optimization},
  author={Korte, Bernhard and Vygen, Jens},
  year={2012},
  publisher={Springer}
}

@book{nocedal,
  author={Nocedal, Jorge and Wright, Stephen J},
		Publisher = {Springer-Verlag},
		Title = {Numerical Optimization},
		Year = 1999}

@book{ford1962flows,
		  title={Flows in Networks},
  author={Ford, Lester Randolph and Fulkerson, Delbert Ray},
		  year={1962},
		  publisher={Princeton University Press}
}


@book{bertsimas1997introduction,
		  title={Introduction to Linear Optimization},
  author={Bertsimas, Dimitris and Tsitsiklis, John N},
		  year={1997},
		  publisher={Athena Scientific}
		}

@article{borchardt1865investigando,
		  title={De investigando ordine systematis aequationum differentialium vulgarium cujuscunque.},
		  author={Borchardt, CW and Jocobi, CGJ},
		  journal={Journal f{\"u}r die reine und angewandte Mathematik},
		  volume={64},
		  pages={297--320},
		  year={1865}
		}

@article{bertsekas1992auction,
  title={Auction algorithms for network flow problems: a tutorial introduction},
  author={Bertsekas, Dimitri P},
  journal={Computational Optimization and Applications},
  volume={1},
  number={1},
  pages={7--66},
  year={1992},
  publisher={Springer}
}

@article{bertsekas1981new,
  title={A new algorithm for the assignment problem},
  author={Bertsekas, Dimitri P},
  journal={Mathematical Programming},
  volume={21},
  number={1},
  pages={152--171},
  year={1981},
  publisher={Springer}
}
@article{bertsekas1988dual,
  title={Dual coordinate step methods for linear network flow problems},
  author={Bertsekas, Dimitri P and Eckstein, Jonathan},
  journal={Mathematical Programming},
  volume={42},
  number={1},
  pages={203--243},
  year={1988},
  publisher={Springer}
}
@book{bertsekas1998network,
  title={Network Optimization: Continuous and Discrete Models},
  author={Bertsekas, Dimitri P},
  year={1998},
  publisher={Athena Scientific}
}

@incollection{merigot2013comparison,
  title={A comparison of two dual methods for discrete optimal transport},
  author={M{\'e}rigot, Quentin},
  booktitle={Geometric science of information},
  pages={389--396},
  year={2013},
  publisher={Springer}
}

@article{schmitzer2016stabilized,
  title={Stabilized sparse scaling algorithms for entropy regularized transport problems},
  author={Schmitzer, Bernhard},
  journal={arXiv preprint arXiv:1610.06519},
  year={2016}
}


%%%%%%%%%%%%%%%%%%%%%%%%%%%%%%%%%%%%%%%% barycenters.bib %%%%%%%%%%%%%%%%%%%%%%%%%%%%%%%%%%%%%%%%

%%%% BARYCENTERS AND MULTIMARGINAL %%%%%

@misc{SuvritSra,
  author        = "Suvrit Sra",
  howpublished  = "private communication",
  year          = "2018"
}

@article{panaretos2016amplitude,
  title={Amplitude and phase variation of point processes},
  author={Panaretos, Victor M and Zemel, Yoav},
  journal={Annals of Statistics},
  volume={44},
  number={2},
  pages={771--812},
  year={2016},
  publisher={Institute of Mathematical Statistics}
}


@article{Carlier_wasserstein_barycenter,
  author={Agueh, Martial and Carlier, Guillaume},
	Journal = {SIAM Journal on Mathematical Analysis},
	Number = {2},
	Pages = {904--924},
	Title = {Barycenters in the {W}asserstein space},
	Volume = {43},
	Year = {2011}}


@INPROCEEDINGS{CuturiBarycenter,
  author = {Marco Cuturi and Arnaud Doucet},
  title = {Fast computation of {Wasserstein} barycenters},
  booktitle = {Proceedings of ICML},
  year = {2014},
    pages={685--693},
  volume = {32}
}


@article{carlierekelandmatching,
  author={Carlier, Guillaume and Ekeland, Ivar},
     TITLE = {Matching for teams},
   JOURNAL = {Economic Theory},
    VOLUME = {42},
      YEAR = {2010},
    NUMBER = {2},
     PAGES = {397--418},
      CODEN = {ECTHEA},
}

@article{agueh2015optimal,
  author={Saumier, Louis-Philippe and Khouider, Boualem and Agueh, Martial},
	Journal = {Communications in Mathematical Sciences},
	Number = {1},
	Pages = {269--296},
	Publisher = {INT PRESS BOSTON, INC PO BOX 43502, SOMERVILLE, MA 02143 USA},
	Title = {Optimal transport for particle image velocimetry},
	Volume = {13},
	Year = {2015}}


@article{Carlier-NumericsBarycenters,
  title={Numerical methods for matching for teams and {Wasserstein} barycenters},
  author={Carlier, Guillaume and Oberman, Adam and Oudet, Edouard},
  journal={ESAIM: Mathematical Modelling and Numerical Analysis},
  volume={49},
  number={6},
  pages={1621--1642},
  year={2015},
  publisher={EDP Sciences}
}



@Article{2016-Cuturi-siims,
    title = "A smoothed dual approach for variational {Wasserstein} problems",
    author = "Marco Cuturi and Gabriel Peyr{\'e}",
	  journal = {SIAM Journal on Imaging Sciences},
     year = "2016",
     volume = 9,
     number =  1,
     pages = "320--343",
}

@article{cuturi2018semidual,
  title={Semidual Regularized Optimal Transport},
  author={Cuturi, Marco and Peyr{\'e}, Gabriel},
  journal={SIAM Review},
  volume={60},
  number={4},
  pages={941--965},
  year={2018},
  publisher={SIAM}
}

@Article{2015-benamou-cisc,
    title = "Iterative {Bregman} projections for regularized transportation problems",
  author={Benamou, Jean-David and Carlier, Guillaume and Cuturi, Marco and Nenna, Luca and Peyr{\'e}, Gabriel},
	journal = "SIAM Journal on Scientific Computing",
 	 volume = "37",
	 number = 2,
     pages = "A1111--A1138",
     year = "2015",
}

@article{anderes2016discrete,
  title={Discrete {Wasserstein} barycenters: optimal transport for discrete data},
  author={Anderes, Ethan and Borgwardt, Steffen and Miller, Jacob},
  journal={Mathematical Methods of Operations Research},
  volume={84},
  number={2},
  pages={389--409},
  year={2016},
  publisher={Springer}
}
@article{alvarez2016fixed,
  title={A fixed-point approach to barycenters in {Wasserstein} space},
  author={{\'A}lvarez-Esteban, Pedro C and del Barrio, E and Cuesta-Albertos, JA and Matr{\'a}n, C},
  journal={Journal of Mathematical Analysis and Applications},
  volume={441},
  number={2},
  pages={744--762},
  year={2016},
  publisher={Elsevier}
}

%%% Concistency %%%

@article{leGouic2016existence,
  title={Existence and consistency of {Wasserstein} barycenters},
  author={Le Gouic, Thibaut and Loubes, Jean-Michel},
  journal={Probability Theory and Related Fields},
  volume = 168, 
  pages={901--917},
  year={2016},
  publisher={Springer}
}

@article{bigot2012characterization,
  title={Characterization of barycenters in the {Wasserstein} space by averaging optimal transport maps},
  author={Bigot, J{\'e}r{\'e}mie and Klein, Thierry},
  journal={arXiv preprint arXiv:1212.2562},
  year={2012}
}


@ARTICLE{BigotBarycenter,
  author={Bigot, J{\'e}r{\'e}mie and Klein, Thierry},
  title = {Consistent estimation of a population barycenter in the {W}asserstein
	space},
  journal = {arXiv Preprint arXiv:\-1212.\-2562},
  year = {2012}
}

%%% CENTRAL LIMIT %%%%

@article{agueh2017vers,
  title={Vers un th{\'e}or{\`e}me de la limite centrale dans l'espace de {Wasserstein}?},
  volume = 355,
  number = 7,
  pages = "812--818",
  author={Agueh, Martial and Carlier, Guillaume},
  journal={Comptes Rendus Mathematique},
  year={2017},
  publisher={Elsevier}
}

%%% APPLICATIONS %%%%

% in machine learning
@inproceedings{ho2017multilevel,
  title={Multilevel Clustering via Wasserstein Means},
  author={Ho, Nhat and Nguyen, XuanLong and Yurochkin, Mikhail and Bui, Hung Hai and Huynh, Viet and Phung, Dinh},
  booktitle={International Conference on Machine Learning},
  pages={1501--1509},
  year={2017}
}

@inproceedings{Solomon-ICML,
  title={Wasserstein propagation for semi-supervised learning},
  author={Solomon, Justin and Rustamov, Raif and Leonidas, Guibas and Butscher, Adrian},
  booktitle={Proceedings of the 31st International Conference on Machine Learning},
  pages={306--314},
  year={2014}
}

% in graphics
@Article{2015-solomon-siggraph,
    title = "Convolutional {Wasserstein} distances: efficient optimal transportation on geometric domains",
  author={Solomon, Justin and De Goes, Fernando and Peyr{\'e}, Gabriel and Cuturi, Marco and Butscher, Adrian and Nguyen, Andy and Du, Tao and Guibas, Leonidas},
	journal = "ACM Transactions on Graphics",
	volume = 34,
	number = 4,
	pages = "66:1--66:11",
     year = "2015",
}

% stats
@article{boissard2015distribution,
  title={Distribution's template estimate with {Wasserstein} metrics},
  author={Boissard, Emmanuel and Le Gouic, Thibaut and Loubes, Jean-Michel},
  journal={Bernoulli},
  volume={21},
  number={2},
  pages={740--759},
  year={2015},
  publisher={Bernoulli Society for Mathematical Statistics and Probability}
}
@article{del2016robust,
  title={Robust clustering tools based on optimal transportation},
  author={del Barrio, Eustasio and Cuesta-Albertos, JA and Matr{\'a}n, C and Mayo-{\'I}scar, A},
  journal={arXiv preprint arXiv:1607.01179},
  year={2016}
}

% bayesian inference

@article{srivastava2018scalable,
  title={Scalable Bayes via barycenter in Wasserstein space},
  author={Srivastava, Sanvesh and Li, Cheng and Dunson, David B},
  journal={The Journal of Machine Learning Research},
  volume={19},
  number={1},
  pages={312--346},
  year={2018}}
  
@inproceedings{srivastava2015wasp,
  title={{WASP}: scalable Bayes via barycenters of subset posteriors},
  author={Srivastava, Sanvesh and Cevher, Volkan and Dinh, Quoc and Dunson, David},
  booktitle={Artificial Intelligence and Statistics},
  pages={912--920},
  year={2015}
}

%%% MULTI MARGINALS

@article{Pass2,
author = {Pass, Brendan},
collaboration = {},
title = {Uniqueness and {Monge} solutions in the multimarginal optimal transportation problem},
publisher = {SIAM},
year = {2011},
journal = {SIAM Journal on Mathematical Analysis},
volume = {43},
number = {6},
pages = {2758--2775},
}



@article {CotarDFT,
  author={Cotar, Codina and Friesecke, Gero and Kl{\"u}ppelberg, Claudia},
title = {Density functional theory and optimal transportation with {C}oulomb cost},
journal = {Communications on Pure and Applied Mathematics},
volume = {66},
number = {4},
publisher = {Wiley Subscription Services, Inc., A Wiley Company},
pages = {548--599},
year = {2013},
}

@article{GorSeiVig,
 Author = {Gori-Giorgi, Paola and Seidl, Michael and Vignale, Giovanni},
 Date-Modified = {2015-05-29 15:20:05 +0000},
 Journal = {Physical Review Letters},
 Number = {16},
 Pages = {166402},
 Publisher = {APS},
 Title = {Density-functional theory for strongly interacting electrons},
 Volume = {103},
 Year = {2009}}

@article{BuDePGor,
 Author = {Buttazzo, Giuseppe and De Pascale, Luigi and Gori-Giorgi, Paola},
 Date-Modified = {2015-05-29 15:11:52 +0000},
 Journal = {Physical Review A},
 Number = {6},
 Pages = {062502},
 Publisher = {APS},
 Title = {Optimal-transport formulation of electronic density-functional theory},
 Volume = {85},
 Year = {2012}}


@article{PassMultiMarginalStructure,
    AUTHOR = {Pass, Brendan},
     TITLE = {On the local structure of optimal measures in the
              multi-marginal optimal transportation problem},
   JOURNAL = {Calculus of Variations and Partial Differential Equations},
    VOLUME = {43},
      YEAR = {2012},
    NUMBER = {3-4},
     PAGES = {529--536},
}


@article{PassMultiReview,
  title={Multi-marginal optimal transport: theory and applications},
  author={Pass, Brendan},
  journal={ESAIM: Mathematical Modelling and Numerical Analysis},
  volume={49},
  number={6},
  pages={1771--1790},
  year={2015},
  publisher={EDP Sciences}
}

% gangbo1998optimal -- removed
@article{GangboSciech,
  author={Gangbo, Wilfrid and Swiech, Andrzej},
      title={Optimal maps for the multidimensional {Monge-Kantorovich} problem},
  journal={Communications on Pure and Applied Mathematics},
  volume={51},
  number={1},
  pages={23--45},
  year={1998}
}

%%% Harmonic maps %%%



@article{vogt2017measure,
  title={Measure-valued variational models with applications to diffusion-weighted imaging},
  author={Vogt, Thomas and Lellmann, Jan},
  journal = "Journal of Mathematical Imaging and Vision",
	volume = 60,
	number = 9,
	pages = "1482--1502",
  year={2018}
}


@article{Lavenant2017,
  title={Harmonic mappings valued in the {Wasserstein} space},
  author={Hugo Lavenant},
  journal={Preprint cvgmt 3649},
  year={2017}
}


%%% SLICED %%%%


@inproceedings{rabin-ssvm-11,
  title={Wasserstein barycenter and its application to texture mixing},
  author={Rabin, Julien and Peyr{\'e}, Gabriel and Delon, Julie and Bernot, Marc},
  booktitle={International Conference on Scale Space and Variational Methods in Computer Vision},
  pages={435--446},
  year={2011},
  organization={Springer}
}


%%%% EULER %%%%

@article{AmbrosioFigalliEuler,
    AUTHOR = {Ambrosio, Luigi and Figalli, Alessio},
     TITLE = {Geodesics in the space of measure-preserving maps and plans},
   JOURNAL = {Archive for Rational Mechanics and Analysis},
    VOLUME = {194},
      YEAR = {2009},
    NUMBER = {2},
     PAGES = {421--462},
}

% simulations
@article {BrenierGeneralized,
    AUTHOR = {Brenier, Yann},
     TITLE = {Generalized solutions and hydrostatic approximation of the
              {E}uler equations},
   JOURNAL = {Physica D. Nonlinear Phenomena},
    VOLUME = {237},
      YEAR = {2008},
    NUMBER = {14-17},
     PAGES = {1982--1988},
}

@article{BrenierEulerAMS,
year={1990},
journal={Journal of the AMS},
volume={2},
title={The least action principle and the related concept of generalized flows for incompressible perfect fluids},
author={Brenier, Yann},
pages={225--255},
}

@article{BrenierEulerARMA,
year={1993},
journal={Archive for Rational Mechanics and Analysis},
volume={122},
number={4},
title={The dual least action problem for an ideal, incompressible fluid},
publisher={Springer-Verlag},
author={Brenier, Yann},
pages={323--351},
}

@article {BrenierEulerCPAM,
author = {Brenier, Yann},
title = {Minimal geodesics on groups of volume-preserving maps and generalized solutions of the {E}uler equations},
journal = {Communications on Pure and Applied Mathematics},
volume = {52},
number = {4},
publisher = {John Wiley \& Sons, Inc.},
pages = {411--452},
year = {1999},
}

%%% Karcher means %%%

@article{karcher2014riemannian,
  title={Riemannian center of mass and so called {Karcher} mean},
  author={Karcher, Hermann},
  journal={arXiv preprint arXiv:1407.2087},
  year={2014}
}

@article{zemel2017fr,
  title={Fr\'echet means and procrustes analysis in Wasserstein space},
  author={Zemel, Yoav and Panaretos, Victor M},
  journal={to appear in Bernoulli},
  year={2018}
}


%%%%%%%%%%%%%%%%%%%%%%%%%%%%%%%%%%%%%%%% dynamic %%%%%%%%%%%%%%%%%%%%%%%%%%%%%%%%%%%%%%%%


%%% dynamical OT



@article{benamou2000computational,
	Author = {Benamou, Jean-David and Brenier, Yann},
	Journal = {Numerische Mathematik},
	Keywords = {optimal transport},
	Number = {3},
	Pages = {375--393},
	Publisher = {Springer},
	Title = {A computational fluid mechanics solution to the {M}onge-{K}antorovich mass transfer problem},
	Volume = {84},
	Year = {2000},}

@article{FPapPeyOud13,
title = "Optimal transport with proximal splitting",
  author={Papadakis, Nicolas and Peyr{\'e}, Gabriel and Oudet, Edouard},
	journal = "SIAM Journal on Imaging Sciences",
	volume = 7,
	number = 1,
	pages =  "212--238",
     year = "2014",
}



%%% MONGE AMPERE %%%

@article{Loeper:2005fn,
  author={Loeper, Gr{\'e}goire and Rapetti, Francesca},
title = {Numerical solution of the {Monge-Amp\`ere} equation by a {Newton's} algorithm},
journal = {C. R. Acad. Sci. Paris, Ser. I},
volume = 340,
number = 4,
pages = "319--324",
year = {2005}
}



@article{Benamou:2014jw,
  author={Benamou, Jean-David and Froese, Brittany D and Oberman, Adam M},
title = {Numerical solution of the optimal transportation problem using the {Monge--Amp{\`e}re} equation},
journal = {Journal of Computational Physics},
volume = 260,
number = 1,
pages = "107--126",
year = {2014}
}


%% General mobility

@article{dolbeault2009new,
  title={A new class of transport distances between measures},
  author={Dolbeault, Jean and Nazaret, Bruno and Savar{\'e}, Giuseppe},
  journal={Calculus of Variations and Partial Differential Equations},
  volume={34},
  number={2},
  pages={193--231},
  year={2009},
  publisher={Springer}
}


%%%%%%%%%%%%%%%%%%%%%%%%%%%%%%%%%%%%%%%% entropic.bib %%%%%%%%%%%%%%%%%%%%%%%%%%%%%%%%%%%%%%%%

%%%% OLDIES %%%%


@ARTICLE{Sinkhorn64,
  author={Sinkhorn, Richard},
  title = {A relationship between arbitrary positive matrices and doubly stochastic
	matrices},
  journal = {Annals of Mathematical Statististics},
  year = {1964},
  volume = {35},
  pages = {876--879}
}

@article{SinkhornKnopp67,
  author={Sinkhorn, Richard and Knopp, Paul},
	Journal = {Pacific Journal Mathematics},
	volume = {21},
	Pages = {343--348},
	Title = {Concerning nonnegative matrices and doubly stochastic matrices},
	Year = {1967}}



@article{kosowsky1994invisible,
	  title={The invisible hand algorithm: Solving the assignment problem with statistical physics},
	  author={Kosowsky, JJ and Yuille, Alan L},
	  journal={Neural networks},
	  volume={7},
	  number={3},
	  pages={477--490},
	  year={1994},
	  publisher={Elsevier}
	}


@article{NIPS2018_8184,
title = {Large scale computation of means and clusters for persistence diagrams using optimal transport},
author = {Lacombe, Theo and Cuturi, Marco and Oudot, Steve},
journal = {Advances in Neural Information Processing Systems 31},
editor = {S. Bengio and H. Wallach and H. Larochelle and K. Grauman and N. Cesa-Bianchi and R. Garnett},
pages = {9792--9802},
year = {2018},
}




@article{Sinkhorn67,
	Author = {Richard Sinkhorn},
	Journal = {American Mathematical Monthly},
	volume = {74},
	Pages = {402--405},
	Title = {Diagonal equivalence to matrices with prescribed row and column sums},
	Year = {1967}}

@ARTICLE{DemingStephanIPFP,
  author={Deming, Edwards and Stephan, Frederick F},
  title = {On a least squares adjustment of a sampled frequency table when the
	expected marginal totals are known},
  journal = {Annals of Mathematical Statistics},
  year = {1940},
  volume = {11},
  pages = {427--444},
  number = {4},
}

@ARTICLE{kruithof,
  author={J. Kruithof},
  title = {Telefoonverkeersrekening},
  journal = {De Ingenieur},
  year = {1937},
  volume = {52},
  pages = {E15--E25}
}

@article{yule1912methods,
  title={On the methods of measuring association between two attributes},
  author={Yule, G Udny},
  journal={Journal of the Royal Statistical Society},
  volume={75},
  number={6},
  pages={579--652},
  year={1912},
  publisher={JSTOR}
}

% RAS
@article{bacharach1965estimating,
  title={Estimating nonnegative matrices from marginal data},
  author={Bacharach, Michael},
  journal={International Economic Review},
  volume={6},
  number={3},
  pages={294--310},
  year={1965},
  publisher={JSTOR}
}

@article{wilson1969use,
  title={The use of entropy maximizing models, in the theory of trip distribution, mode split and route split},
  author={Wilson, Alan Geoffrey},
  journal={Journal of Transport Economics and Policy},
  pages={108--126},
  year={1969}
}

@book{erlander1980optimal,
	Author = {Erlander, Sven},
	Publisher = {Springer-Verlag},
	Title = {Optimal Spatial Interaction and the Gravity Model},
	Year = {1980},
	volume={173}
}





%%%% ENTROPIC SMOOTHING %%%%%


@INPROCEEDINGS{CuturiSinkhorn,
  author = {Cuturi, Marco},
  title = {Sinkhorn distances: lightspeed computation of optimal transport},
  booktitle = {Advances in Neural Information Processing Systems 26},
  year = {2013},
  pages = {2292--2300}
}


@TECHREPORT{Galichon-Entropic,
  author={Galichon, Alfred and Salani{\'e}, Bernard},
  title = {Matching with trade-offs: revealed preferences over competing characteristics},
  institution = {Preprint SSRN-1487307},
  year = {2009}
}


%%% CONVERGENCE and RATE ANALYSIS


@article{BapatMultidim,
  author={Bapat, Ravindra},
	Journal = {Linear Algebra and its Applications},
	Title = {$D_1AD_2$ theorems for multidimensional matrices},
	volume = 48,
	pages = "437--442",
	Year = {1982}}



@article{RaghavanMultidim,
	Author = {T. E. S. Raghavan},
	Journal = {Linear Algebra and its Applications},
	Title = {On pairs of multidimensional matrices},
	volume = 62,
	pages = "263--268",
	Year = {1984}}




@article {bhatt2006,
    AUTHOR = {Bhattacharya, Bhaskar},
     TITLE = {An iterative procedure for general probability measures to
              obtain {I}-projections onto intersections of convex sets},
   JOURNAL = {Annals of Statistics},
    VOLUME = {34},
      YEAR = {2006},
    NUMBER = {2},
     PAGES = {878--902},
}


@article {csis,
    AUTHOR = {Csisz{\'a}r, Imre},
     TITLE = {{$I$}-divergence geometry of probability distributions and
              minimization problems},
   JOURNAL = {Annals of Probability},
    VOLUME = {3},
      YEAR = {1975},
     PAGES = {146--158},
   MRCLASS = {62B10 (60E05)},
  MRNUMBER = {0365798 (51 \#2050)},
}

@article{altschuler2017near,
  title={Near-linear time approximation algorithms for optimal transport via {Sinkhorn} iteration},
  author={Altschuler, Jason and Weed, Jonathan and Rigollet, Philippe},
  journal={arXiv preprint arXiv:1705.09634},
  year={2017}
}


% infinite dimension
@article{Ruschendorf95,
	Author = {Ludger Ruschendorf},
	Journal = {Annals of Statistics},
	volume = {23},
	number = 4,
	Pages = {1160--1174},
	Title = {Convergence of the iterative proportional fitting Procedure},
	Year = {1995}}


@ARTICLE{CominettiAsympt,
  author={Cominetti, Roberto and San Mart{\'i}n, Jaime},
  title = {Asymptotic analysis of the exponential penalty trajectory in linear
	programming},
  journal = {Mathematical Programming},
  year = {1994},
  volume = {67},
  pages = {169--187},
  number = {1-3}
}

%% Hilbert metric

% Convergence rate
@article{franklin1989scaling,
  title={On the scaling of multidimensional matrices},
  author={Franklin, Joel and Lorenz, Jens},
  journal={Linear Algebra and its Applications},
  volume={114},
  pages={717--735},
  year={1989},
  publisher={Elsevier}
}

@article{birkhoff1957extensions,
  title={Extensions of Jentzsch's theorem},
  author={Birkhoff, Garrett},
  journal={Transactions of the American Mathematical Society},
  volume={85},
  number={1},
  pages={219--227},
  year={1957},
  publisher={JSTOR}
}

@article{samelson1957perron,
  title={On the Perron-Frobenius theorem.},
  author={Samelson, Hans and others},
  journal={Michigan Mathematical Journal},
  volume={4},
  number={1},
  pages={57--59},
  year={1957},
  publisher={The University of Michigan}
}

@article{hilbert1895gerade,
  title={{\"U}ber die gerade Linie als k{\"u}rzeste Verbindung zweier Punkte},
  author={Hilbert, David},
  journal={Mathematische Annalen},
  volume={46},
  number={1},
  pages={91--96},
  year={1895},
  publisher={Springer}
}

%%% CONVERGENCE SMALL EPS %%%

@Article{2017-carlier-SIMA,
  title={Convergence of entropic schemes for optimal transport and gradient flows},
  author={Carlier, Guillaume and Duval, Vincent and Peyr{\'e}, Gabriel and Schmitzer, Bernhard},
  journal={SIAM Journal on Mathematical Analysis},
  volume={49},
  number={2},
  pages={1385--1418},
  year={2017},
  publisher={SIAM}
}

@article{leonard2012schrodinger,
  title={From the {Schr{\"o}dinger} problem to the {Monge--Kantorovich} problem},
  author={L{\'e}onard, Christian},
  journal={Journal of Functional Analysis},
  volume={262},
  number={4},
  pages={1879--1920},
  year={2012},
  publisher={Elsevier}
}

%%% SHRODINGER PBM

@ARTICLE{LeonardSchroedinger,
  author = {Christian L{\'e}onard},
  title = {A survey of the {Schr\"odinger} problem and some of its connections
	with optimal transport},
  journal = {Discrete Continuous Dynamical Systems Series A},
  year = {2014},
  volume = {34},
  pages = {1533--1574},
  number = {4}
}

@ARTICLE{Schroedinger31,
  author = {Erwin Schr\"odinger},
  title = {{\"U}ber die {U}mkehrung der {N}aturgesetze},
  journal = {Sitzungsberichte Preuss. Akad. Wiss. Berlin. Phys. Math.},
  year = {1931},
  volume = {144},
  pages = {144--153}
}

@article{RuschendorfThomsen,
  author={R{\"u}schendorf, Ludger and Thomsen, Wolfgang},
	Journal = {Theory of Probability and its Applications},
	volume = {42},
	number = 3,
	Pages = {483--494},
	Title = {Closedness of sum spaces and the generalized {Schrodinger} problem},
	Year = {1998}}

@article{gentil2015analogy,
  title={About the analogy between optimal transport and minimal entropy},
  author={Gentil, Ivan and L{\'e}onard, Christian and Ripani, Luigia},
  journal={arXiv preprint arXiv:1510.08230},
  year={2015}
}

@article{chen2016relation,
  title={On the relation between optimal transport and {Schr{\"o}dinger} bridges: A stochastic control viewpoint},
  author={Chen, Yongxin and Georgiou, Tryphon T and Pavon, Michele},
  journal={Journal of Optimization Theory and Applications},
  volume={169},
  number={2},
  pages={671--691},
  year={2016},
  publisher={Springer}
}



%%% Geod in heat %%%

@article{Crane2013,
  author={Crane, Keenan and Weischedel, Clarisse and Wardetzky, Max},
 title = {Geodesics in heat: a new approach to computing distance based on heat flow},
 journal = {ACM Transaction on Graphics},
 volume = {32},
 number = {5},
 month = oct,
 year = {2013},
 pages = {152:1--152:11},
 articleno = {152},
 numpages = {11},
 publisher = {ACM},
 address = {New York, NY, USA},
}



@article {varadhan-1967,
  author={Varadhan, Sathamangalam R Srinivasa},
title = {On the behavior of the fundamental solution of the heat equation with variable coefficients},
journal = {Communications on Pure and Applied Mathematics},
volume = {20},
number = {2},
pages = {431--455},
year = {1967},
}

% fast choleski solver
@article{george1989evolution,
  title={The evolution of the minimum degree ordering algorithm},
  author={George, Alan and Liu, Joseph WH},
  journal={SIAM Review},
  volume={31},
  number={1},
  pages={1--19},
  year={1989},
  publisher={SIAM}
}


%%% Link with MMD %%%

@article{ramdas2017wasserstein,
  title={On {Wasserstein} two-sample testing and related families of nonparametric tests},
  author={Ramdas, Aaditya and Trillos, Nicol{\'a}s Garc{\'\i}a and Cuturi, Marco},
  journal={Entropy},
  volume={19},
  number={2},
  pages={47},
  year={2017},
  publisher={Multidisciplinary Digital Publishing Institute}
}

%%% Fast convolution %%%%


@article{getreuer2013survey,
  title={A survey of {Gaussian} convolution algorithms},
  author={Getreuer, Pascal},
  journal={Image Processing On Line},
  volume={2013},
  pages={286--310},
  year={2013}
}

@phdthesis{deriche1993recursively,
  title={Recursively implementating the {Gaussian} and its derivatives},
  author={Deriche, Rachid},
  year={1993},
  school={INRIA}
}

%%% GPU %%%
@article{slomp2011gpu,
  title={GPU-based softAssign for maximizing image utilization in photomosaics},
  author={Slomp, Marcos and Mikamo, Michihiro and Raytchev, Bisser and Tamaki, Toru and Kaneda, Kazufumi},
  journal={International Journal of Networking and Computing},
  volume={1},
  number={2},
  pages={211--229},
  year={2011},
  publisher={IJNC Editorial Committee}
}

%%% Other regularization %%%

@inproceedings{muzellec2017tsallis,
  title={Tsallis regularized optimal transport and ecological inference.},
  author={Muzellec, Boris and Nock, Richard and Patrini, Giorgio and Nielsen, Frank},
  booktitle={AAAI},
  pages={2387--2393},
  year={2017}
}


@article{dessein2016regularized,
  author  = {Arnaud Dessein and Nicolas Papadakis and Jean-Luc Rouas},
  title   = {Regularized Optimal Transport and the Rot Mover's Distance},
  journal = {Journal of Machine Learning Research},
  year    = {2018},
  volume  = {19},
  number  = {15},
  pages   = {1-53}
}


@article{ReviewSinkhorn,
  title={A review of matrix scaling and {Sinkhorn}'s normal form for matrices and positive maps},
  author={Idel, Martin},
  journal={arXiv preprint arXiv:1609.06349},
  year={2016}
}

@article{nemirovski1999complexity,
  title={On complexity of matrix scaling},
  author={Nemirovski, Arkadi and Rothblum, Uriel},
  journal={Linear Algebra and its Applications},
  volume={302},
  pages={435--460},
  year={1999},
  publisher={Elsevier}
}

%%% Relation with permanent

@inproceedings{linial1998deterministic,
  title={A deterministic strongly polynomial algorithm for matrix scaling and approximate permanents},
  author={Linial, Nathan and Samorodnitsky, Alex and Wigderson, Avi},
  booktitle={Proceedings of the Thirtieth Annual ACM Symposium on Theory of Computing},
  pages={644--652},
  year={1998},
  organization={ACM}
}



%%%%%%%%%%%%%%%%%%%%%%%%%%%%%%%%%%%%%%%% gradient-flows.bib %%%%%%%%%%%%%%%%%%%%%%%%%%%%%%%%%%%%%%%%

%%%% GRADIENT FLOWS %%%%


@ARTICLE{Burger-JKO,
  author={Burger, Martin and Franek, Marzena and Sch{\"o}nlieb, Carola-Bibiane},
  title = {Regularised regression and density estimation based on optimal transport},
  journal = {Applied Mathematics Research Express},
  year = {2012},
  volume = {2},
  pages = {209--253}
}

@ARTICLE{jordan1998variational,
  author={Jordan, Richard and Kinderlehrer, David and Otto, Felix},
  title = {The variational formulation of the {Fokker}-{Planck} equation},
  journal = {SIAM Journal on Mathematical Analysis},
  year = {1998},
  volume = {29},
  pages = {1--17},
  number = {1},
  publisher = {SIAM}
}

@ARTICLE{maury2010macroscopic,
  author={Maury, Bertrand and Roudneff-Chupin, Aude and Santambrogio, Filippo},
  title = {A macroscopic crowd motion model of gradient flow type},
  journal = {Mathematical Models and Methods in Applied Sciences},
  year = {2010},
  volume = {20},
  pages = {1787--1821},
  number = {10},
  publisher = {World Scientific}
}

%%% ENTROPY
@Article{2015-Peyre-siims,
  author = {Gabriel Peyr{\'e}},
  title = {Entropic approximation of {Wasserstein} gradient flows},
  year = {2015},
  journal = {SIAM Journal on Imaging Sciences},
  volume = 8,
  number = 4,
  pages = "2323--2351",
}


%% Examples of Flows


@article{otto2001geometry,
  title={The geometry of dissipative evolution equations: the porous medium equation},
  author={Otto, Felix},
  year={2001},
journal={Communications in Partial Differential Equations},
volume = {26},
number = {1-2},
pages = {101-174}
}



@article{ErbarHeatManifold,
  title={The heat equation on manifolds as a gradient flow in the {Wasserstein} space},
  author={Matthias Erbar},
  journal={Annales de l'Institut Henri Poincar\'e, Probabilit\'es et Statistiques},
  volume={46},
  number={1},
  pages={1--23},
  year={2010},
}





%%%% NUMERICS %%%%


%% Eulerian %%

% Linearization and finite elements
@article{burger2010mixed,
  title={A mixed finite element method for nonlinear diffusion equations},
  author={Burger, Martin and Carrillo de la Plata, Jos{\'e} Antonio and Wolfram, Marie-Therese},
  journal={Kinetic and Related Models},
  volume={3},
  number={1},
  pages={59--83},
  year={2010}
}

% finite volume
@article{CarrilloFiniteVolume,
  author={Carrillo, Jos{\'e} A and Chertock, Alina and Huang, Yanghong},
title = {A finite-volume method for nonlinear nonlocal equations with a gradient flow structure},
journal = {Communications in Computational Physics},
volume = {17},
issue = {01},
month = {1},
year = {2015},
pages = {233--258},
}

%% TODO

%% 1-D case using inverse cumulatives %%

@article{kinderlehrer1999approximation,
  title={Approximation of parabolic equations using the {Wasserstein} metric},
  author={Kinderlehrer, David and Walkington, Noel J},
  journal={ESAIM: Mathematical Modelling and Numerical Analysis},
  volume={33},
  number={04},
  pages={837--852},
  year={1999},
  publisher={Cambridge Univ Press}
}

@article{blanchet2008convergence,
  title={Convergence of the mass-transport steepest descent scheme for the subcritical {Patlak-Keller-Segel} model},
  author={Blanchet, Adrien and Calvez, Vincent and Carrillo, Jos{\'e} A},
  journal={SIAM Journal on Numerical Analysis},
  volume={46},
  number={2},
  pages={691--721},
  year={2008},
  publisher={SIAM}
}

@article{agueh2013one,
  title={One-dimensional numerical algorithms for gradient flows in the $p$-{Wasserstein} spaces},
  author={Agueh, Martial and Bowles, Malcolm},
  journal={Acta Applicandae Mathematicae},
  volume={125},
  number={1},
  pages={121--134},
  year={2013},
  publisher={Springer}
}



@article{blanchet2012optimal,
  title={Optimal transport and {Cournot-Nash} equilibria},
  author={Blanchet, Adrien and Carlier, Guillaume},
  journal={Mathematics of Operations Research},
  volume={41},
  number={1},
  pages={125--145},
  year={2015},
  publisher={INFORMS}
}

% convergence proof / 1D
@article{Matthes1D,
  title={Convergence of a variational {Lagrangian} scheme for a nonlinear drift diffusion equation},
  author={Matthes, Daniel and Osberger, Horst},
  journal={ESAIM: Mathematical Modelling and Numerical Analysis},
  volume={48},
  number={3},
  pages={697--726},
  year={2014},
  publisher={EDP Sciences}
}

@article{matthes2017convergent,
  title={A convergent Lagrangian discretization for a nonlinear fourth-order equation},
  author={Matthes, Daniel and Osberger, Horst},
  journal={Foundations of Computational Mathematics},
  volume={17},
  number={1},
  pages={73--126},
  year={2017},
  publisher={Springer}
}



%%% Lagrangian schemes %%%

% Warping
@article{carrillo2009numerical,
  title={Numerical simulation of diffusive and aggregation phenomena in nonlinear continuity equations by evolving diffeomorphisms},
  author={Carrillo, Jos{\'e} A and Moll, J Salvador},
  journal={SIAM Journal on Scientific Computing},
  volume={31},
  number={6},
  pages={4305--4329},
  year={2009},
  publisher={SIAM}
}


% Gradient of convex functions
@article{JDB-JKO,
  title={Discretization of functionals involving the {Monge--Amp{\`e}re} operator},
  author={Benamou, Jean-David and Carlier, Guillaume and M{\'e}rigot, Quentin and Oudet, Edouard},
  journal={Numerische Mathematik},
  volume={134},
  number={3},
  pages={611--636},
  year={2016},
  publisher={Springer}
}

% Particules system:
@article{Westdickenberg2010,
  author={Westdickenberg, Michael and Wilkening, Jon},
journal = {ESAIM: Mathematical Modelling and Numerical Analysis},
number = {1},
pages = {133-166},
publisher = {EDP Sciences},
title = {Variational particle schemes for the porous medium equation and for the system of isentropic {Euler} equations},
volume = {44},
year = {2010},
}


@article{AdamsCMP,
year={2011},
journal={Communications in Mathematical Physics},
volume={307},
number={3},
doi={10.1007/s00220-011-1328-4},
title={From a large-deviations principle to the {Wasserstein} gradient flow: a new micro-macro passage},
publisher={Springer-Verlag},
  author={Adams, Stefan and Dirr, Nicolas and Peletier, Mark A and Zimmer, Johannes},
pages={791--815},
}


@article{GianazzaARMA,
year={2009},
journal={Archive for Rational Mechanics and Analysis},
volume={194},
number={1},
title={The {Wasserstein} gradient flow of the {Fisher} information and the quantum drift-diffusion equation},
publisher={Springer-Verlag},
  author={Gianazza, Ugo and Savar{\'e}, Giuseppe and Toscani, Giuseppe},
pages={133--220},
}

% structure preserving

@article{MielkeCVPDE,
year={2013},
journal={Calculus of Variations and Partial Differential Equations},
volume={48},
number={1-2},
title={Geodesic convexity of the relative entropy in reversible {Markov} chains},
publisher={Springer},
  author={Mielke, Alexander},
pages={1--31},
}

@article{ErbarDCDS,
year={2014},
journal={Discrete and Continuous Dynamical Systems},
volume={34},
number={4},
title={Gradient flow structures for discrete porous medium equations},
  author={Erbar, Matthias and Maas, Jan},
pages={1355--1374},
}

@article{chow2017entropy,
  title={Entropy dissipation of {Fokker-Planck} equations on graphs},
  author={Chow, Shui-Nee and Li, Wuchen and Zhou, Haomin},
  journal={arXiv preprint arXiv:1701.04841},
  year={2017}
}

@article{chow2017discrete,
  title={A discrete {Schrodinger} equation via optimal transport on graphs},
  author={Chow, Shui-Nee and Li, Wuchen and Zhou, Haomin},
  journal={arXiv preprint arXiv:1705.07583},
  year={2017}
}

@article{ChowHuangLiZhou2012,
year={2012},
journal={Archive for Rational Mechanics and Analysis},
volume={203},
number={3},
title={{Fokker-Planck} equations for a free energy functional or {Markov} process on a graph},
publisher={Springer-Verlag},
  author={Chow, Shui-Nee and Huang, Wen and Li, Yao and Zhou, Haomin},
pages={969--1008},
}


@article{Maas2011,
title = "Gradient flows of the entropy for finite {Markov} chains",
journal = "Journal of Functional Analysis ",
volume = "261",
number = "8",
pages = "2250--2292",
year = "2011",
author={Maas, Jan},
}


% learning

@inproceedings{hashimoto2016learning,
  title={Learning population-level diffusions with generative {RNNs}},
  author={Hashimoto, Tatsunori and Gifford, David and Jaakkola, Tommi},
  booktitle={International Conference on Machine Learning},
  pages={2417--2426},
  year={2016}
}

%%% Unbalanced flows %%%%

@article{gallouet2017jko,
  title={A {JKO} splitting scheme for {Kantorovich--Fisher--Rao} gradient flows},
  author={Gallou{\"e}t, Thomas O and Monsaingeon, Leonard},
  journal={SIAM Journal on Mathematical Analysis},
  volume={49},
  number={2},
  pages={1100--1130},
  year={2017},
  publisher={SIAM}
}

@article{marino2017tumor,
  title={A tumor growth model of {Hele-Shaw} type as a gradient flow},
  author={Di Marino, Simone and Chizat, Lenaic},
  journal={Arxiv},
  year={2017}
}

%%% Estimation of entropy from samples

@article{beirlant1997nonparametric,
  title={Nonparametric entropy estimation: an overview},
  author={Beirlant, Jan and Dudewicz, Edward J and Gyorfi, Laszlo and Van der Meulen, Edward C},
  journal={International Journal of Mathematical and Statistical Sciences},
  volume={6},
  number={1},
  pages={17--39},
  year={1997},
  publisher={THESAURUS PUBLISHING}
}

%% anti-cfl condition



@article{maury201713,
  title={Pressureless {Euler} equations with maximal density constraint: a time-splitting scheme},
  author={Maury, Bertrand and Preux, Anthony},
  journal={Topological Optimization and Optimal Transport: In the Applied Sciences},
  volume={17},
  pages={333},
  year={2017},
  publisher={Walter de Gruyter GmbH \& Co KG}
}

%%% Langevin

@article{dalalyan2017user,
  title={User-friendly guarantees for the {Langevin Monte Carlo} with inaccurate gradient},
  author={Dalalyan, Arnak S and Karagulyan, Avetik G},
  journal={arXiv preprint arXiv:1710.00095},
  year={2017}
}

%% REVIEW PAPERS %%

@article{SantambrogioCrowdReview,
  title={Crowd motion and population dynamics under density constraints},
  author={Santambrogio, Filippo},
  journal={GMT preprint 3728},
  year={2018}
}

@article{santambrogio2017euclidean,
  title={$\{$Euclidean, metric, and Wasserstein$\}$ gradient flows: an overview},
  author={Santambrogio, Filippo},
  journal={Bulletin of Mathematical Sciences},
  volume={7},
  number={1},
  pages={87--154},
  year={2017},
  publisher={Springer}
}

%%%%%%%%%%%%%%%%%%%%%%%%%%%%%%%%%%%%%%%% gromov-wasserstein.bib %%%%%%%%%%%%%%%%%%%%%%%%%%%%%%%%%%%%%%%%



%%%% GROMOV-WASSERSTEIN %%%%%

@TechReport{SturmGW,
    title = "The space of spaces: curvature bounds and gradient flows on the space of metric measure spaces",
  author={Sturm, Karl-Theodor},
     institution = "arXiv",
     number = "1208.0434",
     type = "Preprint",
     year = "2012",
}


@Article{2016-solomon-gw,
    title = "Entropic metric alignment for correspondence problems",
  author={Solomon, Justin and Peyr{\'e}, Gabriel and Kim, Vladimir G and Sra, Suvrit},
	journal = "ACM Transactions on Graphics",
    volume  = "35",
    number = 4,
 pages = {72:1--72:13},
     year = "2016",
}

@article{loiola-2007,
shorthand = {LMB07},
label = {LMB07},
title = {A survey for the quadratic assignment problem},
journal = "European Journal Operational Research",
volume = "176",
number = "2",
pages = "657--690",
year = "2007",
  author={Loiola, Eliane Maria and de Abreu, Nair Maria Maia and Boaventura-Netto, Paulo Oswaldo and Hahn, Peter and Querido, Tania},
}

@article{gold-1996,
  author={Gold, Steven and Rangarajan, Anand},
 title = {A graduated assignment algorithm for graph matching},
 journal = {IEEE Transactions on Pattern Analysis and Machine Intelligence},
 volume = {18},
 number = {4},
 month = apr,
 year = {1996},
 pages = {377--388},
}


@article{rangarajan-1999,
  author={Rangarajan, Anand and Yuille, Alan L and Gold, Steven and Mjolsness, Eric},
 title = {Convergence properties of the softassign quadratic assignment algorithm},
 journal = {Neural Computation},
 volume = {11},
 number = {6},
 month = aug,
 year = {1999},
 pages = {1455--1474},
}



@INPROCEEDINGS{memoli-2009,
author={M{\'e}moli, Facundo},
booktitle={Proceedings of ICCV Workshops},
title={Spectral {G}romov-{W}asserstein distances for shape matching},
year={2009},
pages={256--263},
}


@article{memoli-2011,
year={2011},
journal={Foundations of Computational Mathematics},
volume={11},
number={4},
title={Gromov--{W}asserstein distances and the metric approach to object matching},
author={M{\'e}moli, Facundo},
pages={417--487},
}

@inproceedings{huang-2013,
  title={Consistent shape maps via semidefinite programming},
  author={Huang, Qi-Xing and Guibas, Leonidas},
  booktitle={Computer Graphics Forum},
  volume={32},
  number={5},
  pages={177--186},
  year={2013},
  organization={Wiley Online Library}
}

@article{kaick-2011,
  author={Van Kaick, Oliver and Zhang, Hao and Hamarneh, Ghassan and Cohen-Or, Daniel},
title = {A survey on shape correspondence},
journal = {Computer Graphics Forum},
volume = {30},
number = {6},
pages = {1681--1707},
year = {2011},
}


@Article{memoli-2014,
AUTHOR = {M{\'e}moli, Facundo},
TITLE = {The {G}romov--{W}asserstein distance: a brief overview},
JOURNAL = {Axioms},
VOLUME = {3},
YEAR = {2014},
NUMBER = {3},
}


@ARTICLE{lyzinski-2015,
  title={Graph matching: relax at your own risk},
  author={Lyzinski, Vince and Fishkind, Donniell E and Fiori, Marcelo and Vogelstein, Joshua T and Priebe, Carey E and Sapiro, Guillermo},
  journal={IEEE Transactions on Pattern Analysis and Machine Intelligence},
  volume={38},
  number={1},
  pages={60--73},
  year={2016},
  publisher={IEEE}
}

@article{bronstein-2010,
  title={A {G}romov-{H}ausdorff framework with diffusion geometry for topologically-robust non-rigid shape matching},
  author={Bronstein, Alexander M and Bronstein, Michael M and Kimmel, Ron and Mahmoudi, Mona and Sapiro, Guillermo},
    journal={International Journal on Computer Vision},
  volume={89},
  number={2-3},
  pages={266--286},
  year={2010},
}

@article{solomon-2012,
  author={Solomon, Justin and Nguyen, Andy and Butscher, Adrian and Ben-Chen, Mirela and Guibas, Leonidas},
 title = {Soft maps between surfaces},
 journal = {Computer Graphics Forum},
 volume = {31},
 number = {5},
 month = aug,
 year = {2012},
 pages = {1617--1626},
}


@article{aflalo-2015,
  title={On convex relaxation of graph isomorphism},
  author={Aflalo, Yonathan and Bronstein, Alexander and Kimmel, Ron},
  journal={Proceedings of the National Academy of Sciences},
  volume={112},
  number={10},
  pages={2942--2947},
  year={2015},
}

@inproceedings{berg-2005,
  title={Shape matching and object recognition using low distortion correspondences},
  author={Berg, Alexander C and Berg, Tamara L and Malik, Jitendra},
  booktitle={Proceedings of CVPR},
  volume={1},
  pages={26--33},
  year={2005},
}


@article{bronstein-2011,
  author={Bronstein, Alexander M and Bronstein, Michael M and Guibas, Leonidas J and Ovsjanikov, Maks},
 title = {Shape {G}oogle: geometric words and expressions for invariant shape retrieval},
 journal = {Transaction on Graphics},
 volume = {30},
 number = {1},
 month = feb,
 year = {2011},
 pages = {1:1--1:20},
}

@article{rustamov-2013,
  author={Rustamov, Raif M and Ovsjanikov, Maks and Azencot, Omri and Ben-Chen, Mirela and Chazal, Fr{\'e}d{\'e}ric and Guibas, Leonidas},
 title = {Map-based exploration of intrinsic shape differences and variability},
 journal = {Transaction on Graphics},
 volume = {32},
 number = {4},
 month = jul,
 year = {2013},
 pages = {72:1--72:12},
}

@inproceedings{peyre2016gromov,
  title={Gromov-{Wasserstein} averaging of kernel and distance matrices},
  author={Peyr{\'e}, Gabriel and Cuturi, Marco and Solomon, Justin},
  booktitle={International Conference on Machine Learning},
  pages={2664--2672},
  year={2016}
}

%%%% G-H


@incollection{edwards1975structure,
  title={The structure of superspace},
  author={Edwards, David A},
  booktitle={Studies in topology},
  pages={121--133},
  year={1975},
  publisher={Elsevier}
}
% gromov2007metric removed
@book{gromov-2001,
  title={Metric Structures for {Riemannian} and Non-Rie\-man\-nian Spaces},
  author={Gromov, Mikhail},
  series={Progress in Mathematics},
  year={2001},
  publisher={Birkh{\"a}user}
}

@book{burago2001course,
  title={A Course in Metric Geometry},
  author={Burago, Dmitri and Burago, Yuri and Ivanov, Sergei},
  volume={33},
  year={2001},
  publisher={American Mathematical Society Providence, RI}
}

@article{petersen1993gromov,
  title={Gromov-Hausdorff convergence of metric spaces},
  author={Petersen, Peter and others},
  journal={Differential geometry: Riemannian geometry},
  volume={54},
  pages={489--504},
  year={1993}
}

@article{memoli2005theoretical,
  title={A theoretical and computational framework for isometry invariant recognition of point cloud data},
  author={M{\'e}moli, Facundo and Sapiro, Guillermo},
  journal={Foundations of Computational Mathematics},
  volume={5},
  number={3},
  pages={313--347},
  year={2005},
  publisher={Springer}
}

@incollection{memoli-2007,
author = {M{\'e}moli, Facundo},
title = {On the use of {G}romov--{H}ausdorff distances for shape comparison},
pages = {81--90},
booktitle = {Symposium on Point Based Graphics},
year = {2007},
}

@INPROCEEDINGS{memoli-2008,
author={M{\'e}moli, Facundo},
booktitle={Proceedings of CVPR Workshops},
title={Gromov--{H}ausdorff distances in {E}uclidean spaces},
year={2008},
pages={1--8},
}

@article{bronstein2006generalized,
  title={Generalized multidimensional scaling: a framework for isometry-invariant partial surface matching},
  author={Bronstein, Alexander M and Bronstein, Michael M and Kimmel, Ron},
  journal={Proceedings of the National Academy of Sciences},
  volume={103},
  number={5},
  pages={1168--1172},
  year={2006},
  publisher={National Acad Sciences}
}

@article{chowdhury2016constructing,
  title={Constructing geodesics on the space of compact metric spaces},
  author={Chowdhury, Samir and M{\'e}moli, Facundo},
  journal={arXiv preprint arXiv:1603.02385},
  year={2016}
}

%%%%%%%%%%%%%%%%%%%%%%%%%%%%%%%%%%%%%%%% imaging.bib %%%%%%%%%%%%%%%%%%%%%%%%%%%%%%%%%%%%%%%%


%%%% SHAPES SPACES %%%%%%

@article{haker2004optimal,
  author={Haker, Steven and Zhu, Lei and Tannenbaum, Allen and Angenent, Sigurd},
	Journal = {International Journal of Computer Vision},
	Number = {3},
	Pages = {225--240},
	Publisher = {Springer},
	Title = {Optimal mass transport for registration and warping},
	Volume = {60},
	Year = {2004}}



%%%% IMAGE PROCESSING %%%%

@article{pitie2007automated,
  title={Automated colour grading using colour distribution transfer},
  author={Piti{\'e}, Fran{\c{c}}ois and Kokaram, Anil C and Dahyot, Rozenn},
  journal={Computer Vision and Image Understanding},
  volume={107},
  number={1},
  pages={123--137},
  year={2007},
  publisher={Elsevier}
}

@inproceedings{RabinPapadakisSSVM,
	  title={Convex color image segmentation with optimal transport distances},
  author={Rabin, Julien and Papadakis, Nicolas},
	  booktitle = {Proceedings of SSVM'15},
	    pages={256--269},
	  year={2015}
}

@article{SchnorSegmentation,
  title={Convex variational image restoration with histogram priors},
  author={Swoboda, Paul and Schn\"orr, Christoph},
  journal={SIAM Journal on Imaging Sciences},
  volume={6},
  number={3},
  pages={1719--1735},
  year={2013},
  publisher={SIAM}
}

@Article{2014-xia-siims,
    title = "Synthesizing and mixing stationary {Gaussian} texture models",
  author={Xia, Gui-Song and Ferradans, Sira and Peyr{\'e}, Gabriel and Aujol, Jean-Fran{\c{c}}ois},
     journal = "SIAM Journal on Imaging Sciences",
     year = "2014",
	volume = 7,
	number = 1,
	pages = "476--508",
}


@Article{2016-tartavel-siims,
    title = "Wasserstein loss for image synthesis and restoration",
  author={Tartavel, Guillaume and Peyr{\'e}, Gabriel and Gousseau, Yann},
     journal = "SIAM Journal on Imaging Sciences",
    volume  = " 9",
    number = 4,
    pages = "1726--1755",
     year = "2016",
}

@article{lellmann2014imaging,
  title={Imaging with {Kantorovich--Rubinstein} discrepancy},
  author={Lellmann, Jan and Lorenz, Dirk A and Sch\"onlieb, Carola and Valkonen, Tuomo},
  journal={SIAM Journal on Imaging Sciences},
  volume={7},
  number={4},
  pages={2833--2859},
  year={2014},
  publisher={SIAM}
}


%%% ASTROPHYS %%%%


@article{FrischNaturee,
  title={A reconstruction of the initial conditions of the universe by optimal mass transportation},
  author={Frisch, Uriel and Matarrese, Sabino and Mohayaee, Roya and Sobolevski, Andrei},
  journal={Nature},
  volume={417},
  number={6886},
  pages={260--262},
  year={2002},
  publisher={Nature Publishing Group}
}

%%%% COMPUTER GRAPHICS / GEOMETRY %%%%

@article{Levy3d,
  title={A numerical algorithm for $L^2$ semi-discrete optimal transport in {3D}},
  author={L{\'e}vy, Bruno},
  journal={ESAIM: Mathematical Modelling and Numerical Analysis},
  volume={49},
  number={6},
  pages={1693--1715},
  year={2015},
  publisher={EDP Sciences}
}

@article{Bonneel-displacement,
 title={Displacement interpolation using Lagrangian mass transport},
  author={Bonneel, Nicolas and {Van De Panne}, Michiel and Paris, Sylvain and Heidrich, Wolfgang},
  journal={ACM Transactions on Graphics},
  volume={30},
  number={6},
  pages={158},
  year={2011},
  organization={ACM}
}

@BOOK{botsch-2010,
  title = {Polygon mesh processing},
  publisher = {Taylor \& Francis},
  year = {2010},
  author={Botsch, Mario and Kobbelt, Leif and Pauly, Mark and Alliez, Pierre and L{\'e}vy, Bruno},
}




%%%%%%%%%%%%%%%%%%%%%%%%%%%%%%%%%%%%%%%% machine-learning.bib %%%%%%%%%%%%%%%%%%%%%%%%%%%%%%%%%%%%%%%%



%%%% Generalities %%%%


@ARTICLE{Hofmann2008,
title = "Kernel methods in machine learning",
journal = "Annals of Statistics",
volume = "36",
number = "3",
pages = "1171--1220",
year = "2008",
  author={Hofmann, Thomas and Sch{\"o}lkopf, Bernhard and Smola, Alexander J},
}
@book{berlinet03reproducing,
	Author = {Alain Berlinet and Christine Thomas-Agnan},
	Publisher = {Kluwer Academic Publishers},
	Title = {Reproducing Kernel Hilbert Spaces in Probability and Statistics},
	Year = {2003}}

% clustering
@article{banerjee2005clustering,
  title={Clustering with {Bregman} divergences},
  author={Banerjee, Arindam and Merugu, Srujana and Dhillon, Inderjit S and Ghosh, Joydeep},
  journal={Journal of Machine Learning Research},
  volume={6},
  pages={1705--1749},
  year={2005}
}



%%% PCA %%%

@incollection{SeguyCuturi,
title = {Principal geodesic analysis for probability measures under the optimal transport metric},
author = {Seguy, Vivien and Cuturi, Marco},
booktitle = {Advances in Neural Information Processing Systems 28},
pages = {3294--3302},
year = {2015},
}

@article{bigot2017geodesic,
  title={Geodesic {PCA} in the {Wasserstein} space by convex PCA},
  author={Bigot, J{\'e}r{\'e}mie and Gouet, Ra{\'u}l and Klein, Thierry and L{\'o}pez, Alfredo},
  journal={Annales de l'Institut Henri Poincar\'e, Probabilit\'es et Statistiques},
  volume={53},
  number={1},
  pages={1--26},
  year={2017},
}


%%%% MACHINE LEARNING  %%%%%


@ARTICLE{BassettiaEstimation,
title = "On minimum Kantorovich distance estimators",
journal = "Statistics \& Probability Letters",
volume = "76",
number = "12",
pages = "1298--1302",
year = "2006",
  author={Bassetti, Federico and Bodini, Antonella and Regazzini, Eugenio},
}

%%%% Learning %%%%


@inproceedings{FrognerNIPS,
  title={Learning with a {Wasserstein} loss},
  author={Frogner, Charlie and Zhang, Chiyuan and Mobahi, Hossein and Araya, Mauricio and Poggio, Tomaso A},
  booktitle={Advances in Neural Information Processing Systems},
  pages={2053--2061},
  year={2015}
}


@INPROCEEDINGS{Pele-iccv2009,
  title={Fast and robust earth mover's distances},
  author={Pele, Ofir and Werman, Michael},
  booktitle={IEEE 12th International Conference on Computer Vision},
  pages={460--467},
  year={2009},
}

@incollection{pele2013tangent,
  title={The tangent earth mover's distance},
  author={Pele, Ofir and Taskar, Ben},
  booktitle={Geometric Science of Information},
  pages={397--404},
  year={2013},
  publisher={Springer}
}


@article{RubTomGui00,
  title={The earth mover's distance as a metric for image retrieval},
  author={Rubner, Yossi and Tomasi, Carlo and Guibas, Leonidas J},
  journal={International Journal of Computer Vision},
  volume={40},
  number={2},
  pages={99--121},
  year={2000},
  publisher={Springer}
}

%%% bag of visual words %%%

@INPROCEEDINGS{Lowe1999,
 author={Lowe, David G},
booktitle={Proceedings of the Seventh IEEE International Conference on Computer Vision},
title={Object recognition from local scale-invariant features},
year={1999},
volume={2},
number={},
pages={1150 -1157 vol.2},
}

@article{oliva2001modeling,
  title={Modeling the shape of the scene: a holistic representation of the spatial envelope},
  author={Oliva, Aude and Torralba, Antonio},
  journal={International Journal of Computer Vision},
  volume={42},
  number={3},
  pages={145--175},
  year={2001},
  publisher={Springer}
}

@inproceedings{DJSAS09,
  title={Evaluation of {GIST} descriptors for web-scale image search},
  author={Douze, Matthijs and J{\'e}gou, Herv{\'e} and Sandhawalia, Harsimrat and Amsaleg, Laurent and Schmid, Cordelia},
  booktitle={Proceedings of the ACM International Conference on Image and Video Retrieval},
  year={2009},
  organization={Article 19, ACM}
}


%%% bag of words

% word2vec
@article{mikolov2013efficient,
  title={Efficient estimation of word representations in vector space},
  author={Mikolov, Tomas and Chen, Kai and Corrado, Greg and Dean, Jeffrey},
  journal={arXiv preprint arXiv:1301.3781},
  year={2013}
}

@article{salton1975vector,
  title={A vector space model for automatic indexing},
  author={Salton, Gerard and Wong, Anita and Yang, Chung-Shu},
  journal={Communications of the ACM},
  volume={18},
  number={11},
  pages={613--620},
  year={1975},
  publisher={ACM}
}
@article{blei2009topic,
  title={Topic models},
  author={Blei, D.M. and Lafferty, J.D.},
  journal={Text mining: classification, clustering, and applications},
  volume={10},
  pages={71},
  year={2009},
  publisher={Chapman \& Hall/CRC}
}
@article{blei2003latent,
  title={Latent {D}irichlet allocation},
  author={Blei, David M and Ng, Andrew Y and Jordan, Michael I},
  journal={Journal of Machine Learning Research},
  volume={3},
  pages={993--1022},
  year={2003},
}
@conference{Collins2001,
  title={Convolution Kernels for natural language},
  author={Collins, Michael and Duffy, Nigel},
  booktitle={Advances in NIPS},
  pages={625--632},
  year={2001}
}

@book{fellbaum1998wordnet,
	Author = {Fellbaum, C. and others},
	Publisher = {MIT press Cambridge, MA},
	Title = {WordNet: an Electronic Lexical Database},
	Year = {1998}}

% hilbertian approaches
@conference{sriperumbudur2008injective,
  title={Injective {Hilbert} space embeddings of probability measures},
  author={Sriperumbudur, Bharath K and Gretton, Arthur and Fukumizu, Kenji and Lanckriet, Gert and Sch{\"o}lkopf, Bernhard},
  booktitle={Proceedings of the 21st Annual Conference on Learning Theory},
  pages={111--122},
  year={2008},
  organization={Citeseer}
}


%%%% METRIC LEARNING %%%%%

% Wasserstein
@ARTICLE{CuturiGroundMetric2014,
  author={Cuturi, Marco and Avis, David},
  title = {Ground metric learning},
  journal = "Journal of Machine Learning Research",
  year = {2014},
  volume = {15},
  pages = {533--564}
}

@ARTICLE{ZenICPR14,
  author={Zen, Gloria and Ricci, Elisa and Sebe, Nicu},
  title = {Simultaneous ground metric learning and matrix factorization with earth mover's distance},
  journal = "Proceedings of ICPR'14",
   pages={3690--3695},
  year = {2014},
}


@ARTICLE{WangECCV12OLD,
 author={Wang, Fan and Guibas, Leonidas J},
  title = {Supervised earth mover's distance learning and its computer vision applications},
  journal = "ECCV2012",
  year = {2012},
  pages = {442--455}
}

@inproceedings{huang2016supervised,
  title={Supervised word mover's distance},
  author={Huang, Gao and Guo, Chuan and Kusner, Matt J and Sun, Yu and Sha, Fei and Weinberger, Kilian Q},
  booktitle={Advances in Neural Information Processing Systems},
  pages={4862--4870},
  year={2016}
}

@inproceedings{kusner2015word,
  title={From word embeddings to document distances},
  author={Kusner, Matt and Sun, Yu and Kolkin, Nicholas and Weinberger, Kilian},
  booktitle={International Conference on Machine Learning},
  pages={957--966},
  year={2015}
}

% classical metric learning

@article{MAL-019,
year = {2012},
volume = {5},
journal = {Foundations and Trends in Machine Learning},
title = {Metric learning: a survey},
number = {4},
pages = {287-364},
author = {Brian Kulis}
}

@inproceedings{lim2013robust,
  title={Robust structural metric learning},
  author={Lim, Daryl and Lanckriet, Gert and McFee, Brian},
  booktitle={Proceedings of the 30th International Conference on Machine Learning},
  pages={615--623},
  year={2013}
}


@article{bellet2015metric,
  title={Metric learning},
  author={Bellet, Aur{\'e}lien and Habrard, Amaury and Sebban, Marc},
  journal={Synthesis Lectures on Artificial Intelligence and Machine Learning},
  volume={9},
  number={1},
  pages={1--151},
  year={2015},
  publisher={Morgan \& Claypool Publishers}
}


@inproceedings{davis2008structured,
  title={Structured metric learning for high dimensional problems},
  author={Davis, Jason V and Dhillon, Inderjit S},
  booktitle={Proceedings of the 14th ACM SIGKDD International Conference on Knowledge Discovery and Data Mining},
  pages={195--203},
  year={2008}
}



@inproceedings{kedem2012non,
  title={Non-linear metric learning},
  author={Kedem, Dor and Tyree, Stephen and Sha, Fei and Lanckriet, Gert R and Weinberger, Kilian Q},
  booktitle={Advances in Neural Information Processing Systems 25},
  pages={2582--2590},
  year={2012}
}

@article{weinberger2009distance,
  title={Distance metric learning for large margin nearest neighbor classification},
  author={Weinberger, Kilian Q and Saul, Lawrence K},
    journal={Journal of Machine Learning Research},
  volume={10},
  pages={207--244},
  year={2009},
}

@incollection{xing2003distance,
  author    = "Eric P. Xing and Andrew Y. Ng and Michael I. Jordan and Stuart Russell",
  title     = "Distance metric Learning with application to clustering with side-information",
  booktitle = "Advances in Neural Information Processing Systems 15",
  publisher = "MIT Press",
  pages     = "505--512",
  year      = "2003",
}

@inproceedings{davis2007information,
  title={Information-theoretic metric learning},
  author={Davis, Jason V and Kulis, Brian and Jain, Prateek and Sra, Suvrit and Dhillon, Inderjit S},
  booktitle={Proceedings of the 24th International Conference on Machine Learning},
  pages={209--216},
  year={2007},
  organization={ACM}
}

%%% Domain adaptation %%%

@inproceedings{courty2014domain,
  title={Domain adaptation with regularized optimal transport},
  author={Courty, Nicolas and Flamary, R{\'e}mi and Tuia, Devis},
  booktitle={Joint European Conference on Machine Learning and Knowledge Discovery in Databases},
  pages={274--289},
  year={2014},
  organization={Springer}
}

@article{courty2017optimal,
  title={Optimal transport for domain adaptation},
  author={Courty, Nicolas and Flamary, R{\'e}mi and Tuia, Devis and Rakotomamonjy, Alain},
  journal={IEEE Transactions on Pattern Analysis and Machine Intelligence},
  volume={39},
  number={9},
  pages={1853--1865},
  year={2017},
  publisher={IEEE}
}


@article{pan2010survey,
  title={A survey on transfer learning},
  author={Pan, Sinno Jialin and Yang, Qiang},
  journal={IEEE Transactions on knowledge and data engineering},
  volume={22},
  number={10},
  pages={1345--1359},
  year={2010},
  publisher={IEEE}
}


@inproceedings{glorot2011domain,
  title={Domain adaptation for large-scale sentiment classification: A deep learning approach},
  author={Glorot, Xavier and Bordes, Antoine and Bengio, Yoshua},
  booktitle={Proceedings of the 28th International Conference on Machine Learning},
  pages={513--520},
  year={2011}
}

%%% Equilibria %%%

@INPROCEEDINGS{WardropEquilibrium52,
  title = {Some theoretical aspects of road traffic research},
author={Wardrop, John Glen},
  journal={Proceedings of the Institution of Civil Engineers},
  volume={1},
  number={3},
  pages={325--362},
  year={1952},
  publisher={Thomas Telford-ICE Virtual Library}
}
@ARTICLE{CarlierSantambrogioOTCongestion2008,
  author={Carlier, Guillaume and Jimenez, Chlo{\'e} and Santambrogio, Filippo},
  title = {Optimal transportation with traffic congestion and {Wardrop} equilibria},
  journal = "SIAM Journal on Control and Optimization",
  year = {2008},
  volume = {47},
  pages = {1330--1350},
  number = {3},
}

%%% Boltzman %%%

@Article{Hinton2002,
  author={Hinton, Geoffrey E},
  title =	"Training products of experts by minimizing contrastive divergence",
  journal =	"Neural Computation",
  volume =	"14",
  number =	"8",
  year = 	"2002",
  pages =	"1771--1800",
}


%%% Computer vision %%%%

@book{PrinceBook,
  author={Prince, Simon JD},
	Publisher = {Cambridge University Press},
	Title = {Computer Vision:  Models, Learning, and Inference},
	year = {2012}
}

%% Amari's divergence.

@article{amari2017information,
  title={Information geometry connecting {Wasserstein} distance and {Kullback-Leibler} divergence via the entropy-relaxed transportation problem},
  author={Amari, Shun-ichi and Karakida, Ryo and Oizumi, Masafumi},
  journal={Information Geometry},
  volum = 1,
  number = 1,
  pages = "13--37",
  year={2018}
}

@article{reich2013nonparametric,
  title={A nonparametric ensemble transform method for Bayesian inference},
  author={Reich, Sebastian},
  journal={SIAM Journal on Scientific Computing},
  volume={35},
  number={4},
  pages={A2013--A2024},
  year={2013},
  publisher={SIAM}
}


%%% statistics basics %%%

@book{owen2001empirical,
  title={Empirical Likelihood},
  author={Owen, Art B},
  year={2001},
  publisher={Wiley Online Library}
}

%%% NMF

@article{lee1999learning,
	Author = {Lee, Daniel D and Seung, H Sebastian},
	Journal = {Nature},
	Number = {6755},
	Pages = {788--791},
	Publisher = {Nature Publishing Group},
	Title = {Learning the parts of objects by non-negative matrix factorization},
	Volume = {401},
	Year = {1999}}

%%% Information geometry

@article{costa2015fisher,
  title={Fisher information distance: a geometrical reading},
  author={Costa, Sueli IR and Santos, Sandra A and Strapasson, Jo{\~a}o E},
  journal={Discrete Applied Mathematics},
  volume={197},
  pages={59--69},
  year={2015},
  publisher={Elsevier}
}

%% Jensen Shannon

@article{endres2003new,
  title={A new metric for probability distributions},
  author={Endres, Dominik Maria and Schindelin, Johannes E},
  journal={IEEE Transactions on Information theory},
  volume={49},
  number={7},
  pages={1858--1860},
  year={2003},
  publisher={IEEE}
}

@article{osterreicher2003new,
  title={A new class of metric divergences on probability spaces and its applicability in statistics},
  author={{\"O}sterreicher, Ferdinand and Vajda, Igor},
  journal={Annals of the Institute of Statistical Mathematics},
  volume={55},
  number={3},
  pages={639--653},
  year={2003},
  publisher={Springer}
}

%% f-divergence
@article{ciszar1967information,
  title={Information-type measures of difference of probability distributions and indirect observations},
  author={Cisz{\'a}r, Imre},
  journal={Studia Scientiarum  Mathematicarum Hungarica},
  volume={2},
  pages={299--318},
  year={1967}
}
@article{ali1966general,
  title={A general class of coefficients of divergence of one distribution from another},
  author={Ali, Syed Mumtaz and Silvey, Samuel D},
  journal={Journal of the Royal Statistical Society. Series B (Methodological)},
  pages={131--142},
  volume = 28,
  number = 1,
  year={1966},
  publisher={JSTOR}
}

%% bregman for measures

@article{jones1990general,
  title={General entropy criteria for inverse problems, with applications to data compression, pattern classification, and cluster analysis},
  author={Jones, Lee K and Byrne, Charles L},
  journal={IEEE Transactions on Information Theory},
  volume={36},
  number={1},
  pages={23--30},
  year={1990},
  publisher={IEEE}
}

@article{rao1985cross,
  title={Cross entropy, dissimilarity measures, and characterizations of quadratic entropy},
  author={Rao, C and Nayak, T},
  journal={IEEE Transactions on Information Theory},
  volume={31},
  number={5},
  pages={589--593},
  year={1985},
  publisher={IEEE}
}

%% estimation of f-divergence

@book{silverman1986density,
  title={Density Estimation for Statistics and Data Analysis},
  author={Silverman, Bernard W},
  volume={26},
  year={1986},
  publisher={CRC press}
}

% non parametric density estimation using NN
@article{loftsgaarden1965nonparametric,
  title={A nonparametric estimate of a multivariate density function},
  author={Loftsgaarden, Don O and Quesenberry, Charles P},
  journal={Annals of Mathematical Statistics},
  volume={36},
  number={3},
  pages={1049--1051},
  year={1965},
  publisher={Institute of Mathematical Statistics}
}

@inproceedings{BerishaHero,
  title={Multivariate $f$-divergence estimation with confidence},
  author={Moon, Kevin and Hero, Alfred},
  booktitle={Advances in Neural Information Processing Systems},
  pages={2420--2428},
  year={2014}
}

%% f-div
@article{sriperumbudur2009integral,
  title={On integral probability metrics,$\phi$-divergences and binary classification},
  author={Sriperumbudur, Bharath K and Fukumizu, Kenji and Gretton, Arthur and Sch{\"o}lkopf, Bernhard and Lanckriet, Gert RG},
  journal={arXiv preprint arXiv:0901.2698},
  year={2009}
}

% clustering

@article{dessein2017parameter,
  title={Parameter estimation in finite mixture models by regularized optimal transport: a unified framework for hard and soft clustering},
  author={Dessein, Arnaud and Papadakis, Nicolas and Deledalle, Charles-Alban},
  journal={arXiv preprint arXiv:1711.04366},
  year={2017}
}

% stochastic on the dual using a deep net parameterization

@inproceedings{seguy2018large,
  title={Large-scale optimal transport and mapping estimation},
  author={Seguy, Vivien and Damodaran, Bharath Bhushan and Flamary, R{\'e}mi and Courty, Nicolas and Rolet, Antoine and Blondel, Mathieu},
  booktitle={Proceedings of ICLR 2018},
  year={2018}
}

@inproceedings{feydy2018interpolating,
  title={Interpolating between optimal transport and MMD using Sinkhorn divergences},
  author={Feydy, Jean and S{\'e}journ{\'e}, Thibault and Vialard, Fran{\c{c}}ois-Xavier and Amari, Shun-Ichi and Trouv{\'e}, Alain and Peyr{\'e}, Gabriel},
  booktitle = {Proceedings of the 22th International Conference on Artificial Intelligence and Statistics},
  year={2019}
}

@inproceedings{genevay2018sample,
  title={Sample complexity of Sinkhorn divergences},
  author={Genevay, Aude and Chizat, L{\'e}naic and Bach, Francis and Cuturi, Marco and Peyr{\'e}, Gabriel},
  booktitle = {Proceedings of the 22th International Conference on Artificial Intelligence and Statistics},
  year={2019}
}


%%%%%%%%%%%%%%%%%%%%%%%%%%%%%%%%%%%%%%%% optimal-transport.bib %%%%%%%%%%%%%%%%%%%%%%%%%%%%%%%%%%%%%%%%


%%%% OLDIES %%%%%

@article{Monge1781,
	    author = {Monge, Gaspard},
	    journal = {Histoire de l'Acad{\'e}mie Royale des Sciences},
	    pages = {666--704},
	    title = {M{\'e}moire sur la th{\'e}orie des d{\'e}blais et des remblais},
	    year = {1781}
}

@article{Kantorovich42,
	Address = {Hingham, MA, USA},
	Author = {Leonid Kantorovich},
	Journal = {Doklady Akademii Nauk},
	Number = {2},
	Optannote = {Translated in Management Science, Vol. 5, pp. 1--4, 1959},
	Pages = {227-229},
	Title = {On the transfer of masses (in Russian)},
	Volume = {37},
	Year = {1942}}

@book{rachev1998mass,
  title={Mass Transportation Problems: Volume I: Theory},
  author={Rachev, Svetlozar T and R{\"u}schendorf, Ludger},
  year={1998},
  publisher={Springer Science \& Business Media}
}

@book{rachev1998mass2,
  title={Mass Transportation Problems: Volume II: Applications},
  author={Rachev, Svetlozar T and R{\"u}schendorf, Ludger},
  year={1998},
  publisher={Springer Science \& Business Media}
}

@article{koopmans1949optimum,
  title={Optimum utilization of the transportation system},
  author={Koopmans, Tjalling C},
  journal={Econometrica: Journal of the Econometric Society},
  pages={136--146},
  year={1949}
}

@article{tolstoi1930methods,
  title={ Metody nakhozhdeniya naimen'shego summovogo kilome-trazha pri planirovanii perevozok v prostranstve (Russian; Methods of finding the minimal total kilometrage in cargo transportation planning in space)},
  author={Tolsto{\i}, AN},
  journal={TransPress of the National Commissariat of Transportation},
  pages={23--55},
  year={1930}
}

@article{tolstoi1939metody,
  title={Metody  ustraneniya  neratsional'nykh  perevozok  priplanirovanii [Russian; Methods of removing irrational transportation in planning]},
  author={Tolsto{\i}, AN},
  journal={Sotsialisticheski{\i} Transport},
  volume={9},
  pages={28--51},
  year={1939}
}


%%% ASSIGNEMENTS %%%%

@BOOK{Burkard09,
  title = {Assignment problems},
  publisher = {Society for Industrial and Applied Mathematics},
  year = {2009},
  author={Burkard, Rainer and Dell'Amico, Mauro and Martello, Silvano},
  address = {Philadelphia, PA, USA},
  isbn = {0898716632, 9780898716634}
}


%%%%%%%% MULTISCALE

@article{10.2307/2098795,
 author = {A. C. Williams},
 journal = {Journal of the Society for Industrial and Applied Mathematics},
 number = {1},
 pages = {35-48},
 publisher = {Society for Industrial and Applied Mathematics},
 title = {A treatment of transportation problems by decomposition},
 volume = {10},
 year = {1962}
}

@article{balas1965solution,
  title={Solution of large-scale transportation problems through aggregation},
  author={Balas, Egon},
  journal={Operations Research},
  volume={13},
  number={1},
  pages={82--93},
  year={1965},
  publisher={INFORMS}
}

% SECTION 2.6.1
@article{rogers1991aggregation,
  title={Aggregation and disaggregation techniques and methodology in optimization},
  author={Rogers, David F and Plante, Robert D and Wong, Richard T and Evans, James R},
  journal={Operations Research},
  volume={39},
  number={4},
  pages={553--582},
  year={1991},
  publisher={INFORMS}
}



@book{ambrosio2006gradient,
  title={Gradient Flows in Metric Spaces and in the Space of Probability Measures},
  author={Ambrosio, L. and Gigli, N. and Savar{\'e}, G.},
  year={2006},
  publisher={Springer}
}



%%% BOOKS %%%%


@book{Villani03,
  title={Topics in Optimal Transportation},
  author={Villani, Cedric},
  isbn={9780821833124},
  lccn={03040350},
  series={Graduate Studies in Mathematics Series},
  year={2003},
  publisher={American Mathematical Society}
}
@book{Villani09,
	  title={Optimal Transport: Old and New},
	  author={Villani, Cedric},
	  volume={338},
	  year={2009},
	  publisher={Springer Verlag}
	}


@book{erlander1990gravity,
  author={Erlander, Sven and Stewart, Neil F},
	Title = {The Gravity Model in Transportation Analysis: Theory and Extensions},
	Year = {1990}}


@Book{SantambrogioBook,
  author = {Filippo Santambrogio},
  title = {Optimal transport for applied mathematicians},
  Publisher = {Birkhauser},
  year = {2015},
}

@book{galichon2016optimal,
  title={Optimal Transport Methods in Economics},
  author={Galichon, Alfred},
  year={2016},
  publisher={Princeton University Press}
}



%%% BRENIER THM

@article{Brenier91,
    AUTHOR = {Brenier, Yann},
     TITLE = {Polar factorization and monotone rearrangement of
              vector-valued functions},
   JOURNAL = {Communications on Pure and Applied Mathematics},
    VOLUME = {44},
      YEAR = {1991},
    NUMBER = {4},
     PAGES = {375--417},
}
@article{cuesta1989,
author = "Cuesta, Juan Antonio and Matran, Carlos",
journal = "The Annals of Probability",
month = "07",
number = "3",
pages = "1264--1276",
publisher = "The Institute of Mathematical Statistics",
title = "Notes on the Wasserstein Metric in Hilbert Spaces",
volume = "17",
year = "1989"
}
@article{MR923203,
    author = {Brenier, Yann},
    citeulike-article-id = {248834},
    journal = {C. R. Acad. Sci. Paris S\'er. I Math.},
    keywords = {0-meeting-2005-pnc, cosmo, reconstruction},
    number = {19},
    pages = {805--808},
    posted-at = {2005-07-07 13:43:52},
    priority = {2},
    title = {{D\'ecomposition polaire et r\'earrangement monotone des champs de vecteurs}},
    volume = {305},
    year = {1987}
}


@article{ruschendorf1990characterization,
  title={A characterization of random variables with minimum L2-distance},
  author={R{\"u}schendorf, L{\"u}dger and Rachev, Svetlozar T},
  journal={Journal of Multivariate Analysis},
  volume={32},
  number={1},
  pages={48--54},
  year={1990},
  publisher={Elsevier}
}

@article{knott1984optimal,
  title={On the optimal mapping of distributions},
  author={Knott, Martin and Smith, Cyril S},
  journal={Journal of Optimization Theory and Applications},
  volume={43},
  number={1},
  pages={39--49},
  year={1984},
  publisher={Springer}
}
%%%% STOCHASTIC SGD %%%%

@article{bach2014adaptivity,
  title={Adaptivity of averaged stochastic gradient descent to local strong convexity for logistic regression.},
  author={Bach, Francis R},
  journal={Journal of Machine Learning Research},
  volume={15},
  number={1},
  pages={595--627},
  year={2014}
}

@inproceedings{genevay2016stochastic,
  title={Stochastic optimization for large-scale optimal transport},
  author={Genevay, Aude and Cuturi, Marco and Peyr{\'e}, Gabriel and Bach, Francis},
  booktitle={Advances in Neural Information Processing Systems},
  pages={3440--3448},
  year={2016}
}

%%%% MONGE AMPERE %%%%

% ref book on MA
@book{gutierrez2016monge,
  title={The {Monge-Ampere} Equation},
  author={Guti{\'e}rrez, Cristian E},
  year={2016},
  publisher={Springer}
}

% actually solving OT
@article{benamou2014numerical,
  title={Numerical solution of the optimal transportation problem using the {Monge--Ampere} equation},
  author={Benamou, Jean-David and Froese, Brittany D and Oberman, Adam M},
  journal={Journal of Computational Physics},
  volume={260},
  pages={107--126},
  year={2014},
  publisher={Elsevier}
}

% MA with discretization to capture anisotropic solution
@article{benamou2016monotone,
  title={Monotone and consistent discretization of the {Monge-Ampere} operator},
  author={Benamou, Jean-David and Collino, Francis and Mirebeau, Jean-Marie},
  journal={Mathematics of Computation},
  volume={85},
  number={302},
  pages={2743--2775},
  year={2016}
}


%%%% Tannenbaum et co %%%%


@Article{AngenentHT03,
  title =	"Minimizing flows for the {Monge-Kantorovich} problem",
  author={Angenent, Sigurd and Haker, Steven and Tannenbaum, Allen},
  journal =	"SIAM Journal Math. Analysis",
  year = 	"2003",
  number =	"1",
  volume =	"35",
  pages =	"61--97",
}




%%% Review paper %%%%

@article{kolouri2017optimal,
  title={Optimal mass transport: signal processing and machine-learning applications},
  author={Kolouri, Soheil and Park, Se Rim and Thorpe, Matthew and Slepcev, Dejan and Rohde, Gustavo K},
  journal={IEEE Signal Processing Magazine},
  volume={34},
  number={4},
  pages={43--59},
  year={2017},
  publisher={IEEE}
}


%%% Martingale transport

@article{GalichonMartingale,
  author={Galichon, Alfred and Henry-Labord{\`e}re, Pierre and Touzi, Nizar},
	Journal = {Annals of Applied Probability},
  number =	"1",
  volume =	"24",
 pages = "312--336",
	Title = {A stochastic control approach to no-arbitrage bounds
		 given marginals, with an application to lookback
		 options},
	Year = {2014}}

@article{dolinsky2014martingale,
  title={Martingale optimal transport and robust hedging in continuous time},
  author={Dolinsky, Yan and Soner, H Mete},
  journal={Probability Theory and Related Fields},
  volume={160},
  number={1-2},
  pages={391--427},
  year={2014},
  publisher={Springer}
}

@article{TanTouzi,
	Author = {Tan, Xiaolu and Touzi, Nizar},
	Journal = {Annals of Probability},
	Pages = {3201--3240},
	Volume = {41},
	number = 5,
	Title = {Optimal transportation under controlled stochastic dynamics},
	Year = {2013}}

@article{beiglbock2013model,
  title={Model-independent bounds for option prices: a mass transport approach},
  author={Beiglb{\"o}ck, Mathias and Henry-Labord{\`e}re, Pierre and Penkner, Friedrich},
  journal={Finance and Stochastics},
  volume={17},
  number={3},
  pages={477--501},
  year={2013},
  publisher={Springer}
}

@article{guo2017computational,
  title={Computational methods for martingale optimal transport problems},
  author={Guo, Gaoyue and Obloj, Jan},
  journal={arXiv preprint arXiv:1710.07911},
  year={2017}
}

% NDNESS
@book{berg84harmonic,
  author={Berg, Christian and Christensen, Jens Peter Reus and Ressel, Paul},
	Number = 100,
	Publisher = {Springer Verlag},
	Series = {Graduate Texts in Mathematics},
	Title = {Harmonic Analysis on Semigroups},
	Year = {1984}}

@article{schoenberg38,
  author={Schoenberg, Isaac J},
	Journal = {Transactions of the American Mathematical Society},
	Title = {Metric spaces and positive definite functions},
	Pages = {522--356},
	Volume = {38},
	Year = {1938}}

@incollection{Johnson84,
  author={Johnson, William B and Lindenstrauss, Joram},
     TITLE = {Extensions of {L}ipschitz mappings into a {H}ilbert space},
 BOOKTITLE = {Conference in Modern Analysis and Probability ({N}ew {H}aven,
              {C}onn., 1982)},
    SERIES = {Contemporary Mathematics},
    VOLUME = {26},
     PAGES = {189--206},
 PUBLISHER = {American Mathematical Society},
      YEAR = {1984},
}
@book{barvinok2002course,
  title={A Course in Convexity},
  author={Barvinok, Alexander},
  isbn={9780821829684},
  lccn={2002028208},
  series={Graduate Studies in Mathematics},
  year={2002},
  publisher={American Mathematical Society}
}

@book{dattorro2010convex,
  title={Convex Optimization \& Euclidean Distance Geometry},
  author={Dattorro, Jon},
  year={2017},
  publisher={Meboo Publishing}
}

@book{borg2005modern,
  title={Modern Multidimensional Scaling: Theory and Applications},
  author={Borg, Ingwer and Groenen, Patrick JF},
  year={2005},
  publisher={Springer Science \& Business Media}
}


@inproceedings{kolouri2016sliced,
  title={Sliced {Wasserstein} kernels for probability distributions},
  author={Kolouri, Soheil and Zou, Yang and Rohde, Gustavo K},
  booktitle={Proceedings of the IEEE Conference on Computer Vision and Pattern Recognition},
  pages={5258--5267},
  year={2016}
}


%% concave costs
@article{delon-concave,
  author={Delon, Julie and Salomon, Julien and Sobolevski, Andrei},
  title = {Local matching indicators for transport problems with concave costs},
  journal = {SIAM Journal on Discrete Mathematics},
  year = 2012,
  volume = {26},
  number = {2},
  pages = {801--827}
}
% circle
@article{delon-circle,
  title={Fast transport optimization for {M}onge costs on the circle},
  author={Delon, Julie and Salomon, Julien and Sobolevski, Andrei},
   journal={SIAM Journal on Applied Mathematics},
  volume={70},
  number={7},
  pages={2239--2258},
  year={2010}
}

%% on gaussians

@article{takatsu2011wasserstein,
  title={Wasserstein geometry of {Gaussian} measures},
  author={Takatsu, Asuka},
  journal={Osaka Journal of Mathematics},
  volume={48},
  number={4},
  pages={1005--1026},
  year={2011},
  publisher={Osaka University and Osaka City University, Departments of Mathematics}
}

@article{gelbrich1990formula,
  title={On a formula for the $L^2$ Wasserstein metric between measures on Euclidean and Hilbert spaces},
  author={Gelbrich, Matthias},
  journal={Mathematische Nachrichten},
  volume={147},
  number={1},
  pages={185--203},
  year={1990}
}


%%% EMBEDDING in l1, etc %%%%%

@inproceedings{indyk2011k,
  title={K-median clustering, model-based compressive sensing, and sparse recovery for earth mover distance},
  author={Indyk, Piotr and Price, Eric},
  booktitle={Proceedings of the forty-third annual ACM Symposium on Theory of Computing},
  pages={627--636},
  year={2011},
  organization={ACM}
}

@inproceedings{andoni2008earth,
  title={Earth mover distance over high-dimensional spaces},
  author={Andoni, Alexandr and Indyk, Piotr and Krauthgamer, Robert},
  booktitle={Proceedings of the nineteenth annual ACM-SIAM Symposium on Discrete Algorithms},
  pages={343--352},
  year={2008},
  organization={Society for Industrial and Applied Mathematics}
}

@inproceedings{indyk,
	Author = {Piotr Indyk and Nitin Thaper},
	Booktitle = {3rd International Workshop on Statistical and Computational Theories of Vision},
	Title = {Fast image retrieval via embeddings},
	Year = {2003}}

	@article{do2011sublinear,
  title={Sublinear time algorithms for earth mover's distance},
  author={Do Ba, Khanh and Nguyen, Huy L and Nguyen, Huy N and Rubinfeld, Ronitt},
  journal={Theory of Computing Systems},
  volume={48},
  number={2},
  pages={428--442},
  year={2011},
  publisher={Springer}
}

@article{leeb2016holder,
  title={H{\"o}lder--{Lipschitz} norms and their duals on spaces with semigroups, with applications to earth mover's distance},
  author={Leeb, William and Coifman, Ronald},
  journal={Journal of Fourier Analysis and Applications},
  volume={22},
  number={4},
  pages={910--953},
  year={2016},
  publisher={Springer}
}
@inproceedings{shirdhonkar2008approximate,
  title={Approximate earth mover's distance in linear time},
  author={Shirdhonkar, Sameer and Jacobs, David W},
  booktitle={IEEE Conference on Computer Vision and Pattern Recognition},
  pages={1--8},
  year={2008},
  organization={IEEE}
}

@article{andoni2015snowflake,
  title={Snowflake universality of {Wasserstein} spaces},
  author={Andoni, Alexandr and Naor, Assaf and Neiman, Ofer},
  journal={Annales scientifiques de l'\'Ecole normale sup\'erieure},
  volume = 51,
  pages = "657--700",
  year={2018}
}

@article{naor-2005,
	Author = {Assaf Naor and Gideon Schechtman},
	Journal = {SIAM Journal on Computing},
	Number = {3},
	Pages = {804-826},
	Title = {Planar Earthmover Is Not in L$_{\mbox{1}}$},
	Volume = {37},
	Year = {2007}}

@inproceedings{ling2006diffusion,
  title={Diffusion distance for histogram comparison},
  author={Ling, Haibin and Okada, Kazunori},
  booktitle={IEEE Computer Society Conference on Computer Vision and Pattern Recognition},
  volume={1},
  pages={246--253},
  year={2006},
  organization={IEEE}
}

@inproceedings{grauman2005pyramid,
  title={The pyramid match kernel: discriminative classification with sets of image features},
  author={Grauman, Kristen and Darrell, Trevor},
  booktitle={Tenth IEEE International Conference on Computer Vision},
  volume={2},
  pages={1458--1465},
  year={2005},
  organization={IEEE}
}
@incollection{CuturiNIPS2006,
title = {Kernels on structured objects through nested histograms},
author = {Cuturi, Marco and Fukumizu, Kenji},
booktitle = {Advances in Neural Information Processing Systems 19},
editor = {P. B. Sch\"{o}lkopf and J. C. Platt and T. Hoffman},
pages = {329--336},
year = {2007},
publisher = {MIT Press},
}


@inproceedings{lazebnik2006beyond,
  title={Beyond bags of features: Spatial pyramid matching for recognizing natural scene categories},
  author={Lazebnik, Svetlana and Schmid, Cordelia and Ponce, Jean},
  booktitle={IEEE Computer Society Conference on Computer Vision and Pattern Recognition},
  volume={2},
  pages={2169--2178},
  year={2006},
  organization={IEEE}
}

% for more background on wavelets and besov norms
@book{mallat2008wavelet,
  title={A Wavelet Tour of Signal Processing: the Sparse Way},
  author={Mallat, Stephane},
  year={2008},
  publisher={Academic press}
}

%%% L^inf transport

@article{champion2008wasserstein,
  title={The $\infty$-Wasserstein distance: local solutions and existence of optimal transport maps},
  author={Champion, Thierry and De Pascale, Luigi and Juutinen, Petri},
  journal={SIAM Journal on Mathematical Analysis},
  volume={40},
  number={1},
  pages={1--20},
  year={2008},
  publisher={SIAM}
}

@article{gomez2003survey,
  title={A survey on continuous elliptical vector distributions},
  author={G{\'o}mez, Eusebio and G{\'o}mez-Villegas, Miguel A and Mar{\'\i}n, J Miguel},
  journal={Rev. Mat. Complut},
  volume={16},
  pages={345--361},
  year={2003}
}

%%% stats
@article{sommerfeld2018inference,
  title={Inference for empirical Wasserstein distances on finite spaces},
  author={Sommerfeld, Max and Munk, Axel},
  journal={Journal of the Royal Statistical Society: Series B (Statistical Methodology)},
  volume={80},
  number={1},
  pages={219--238},
  year={2018},
  publisher={Wiley Online Library}
}

@article{bigot2017central,
  title={Central limit theorems for Sinkhorn divergence between probability distributions on finite spaces and statistical applications},
  author={Bigot, J{\'e}r{\'e}mie and Cazelles, Elsa and Papadakis, Nicolas},
  journal={arXiv preprint arXiv:1711.08947},
  year={2017}
}

@article{bhatia2018bures,
  title={On the Bures-Wasserstein distance between positive definite matrices},
  author={Bhatia, Rajendra and Jain, Tanvi and Lim, Yongdo},
  journal={Expositiones Mathematicae, to appear},
  year={2018},
  publisher={Elsevier}
}

@article{malago2018wasserstein,
  title={Wasserstein Riemannian geometry of positive-definite matrices},
  author={Malag{\`o}, Luigi and Montrucchio, Luigi and Pistone, Giovanni},
  journal={arXiv preprint arXiv:1801.09269},
  year={2018}
}


%%%%
@inproceedings{cohen1999earth,
  title={The earth mover's distance under transformation sets},
  author={Cohen, Scott and Guibas, Leonidas},
  booktitle={Proceedings of the Seventh IEEE International Conference on Computer vision},
  volume={2},
  pages={1076--1083},
  year={1999},
  organization={IEEE}
}


@article{cuturi2012positivity,
  title={Positivity and transportation},
  author={Cuturi, Marco},
  journal={arXiv preprint 1209.2655},
  year={2012}
}

%%%%%%%%%%%%%%%%%%%%%%%%%%%%%%%%%%%%%%%% optimization.bib %%%%%%%%%%%%%%%%%%%%%%%%%%%%%%%%%%%%%%%%



%%%%% GENERAL OPTIM %%%%%

@TechReport{GrantCVX,
  author={Grant, Michael and Boyd, Stephen and Ye, Yinyu},
  title =	"{CVX}: {Matlab} software for disciplined convex programming",
  institution = "Stanford",
  year = 	"2013",
}

@Book{Absil08,
  title =	"Optimization algorithms on matrix manifolds",
  author={Absil, Pierre-Antoine and Mahony, Robert and Sepulchre, Rodolphe},
  publisher =	"Princeton University Press",
  year = 	"2008",
  bibdate =	"2013-08-21",
  ISBN = 	"978-0-691-13298-3",
}

@book{rockafellar2015convex,
  title={Convex Analysis},
  author={Rockafellar, Ralph Tyrell},
  year={2015},
  publisher={Princeton university press}
}
@Article{Orlin1997,
author="Orlin, James B.",
title="A polynomial time primal network simplex algorithm for minimum cost flows",
journal="Mathematical Programming",
year="1997",
day="01",
volume="78",
number="2",
pages="109--129",
}

@Article{Tarjan1997,
author="Tarjan, Robert E.",
title="Dynamic trees as search trees via Euler tours, applied to the network simplex algorithm",
journal="Mathematical Programming",
year="1997",
day="01",
volume="78",
number="2",
pages="169--177",
}



@ARTICLE{Dykstra83,
  author={Dykstra, Richard L},
  title = {An algorithm for restricted least squares regression},
  journal = {Journal American Statistical Association},
  year = {1983},
  volume = {78},
  pages = {839--842},
  number = {384}
}

@article {Dykstra85,
  author={Dykstra, Richard L},
     TITLE = {An iterative procedure for obtaining {$I$}-projections onto
              the intersection of convex sets},
   JOURNAL = {Annals of Probability},
    VOLUME = {13},
      YEAR = {1985},
    NUMBER = {3},
     PAGES = {975--984},
}



@BOOK{nesterov1994interior,
  title = {Interior-point polynomial algorithms in convex programming},
  publisher = {SIAM},
  year = {1994},
  author={Nesterov, Yurii and Nemirovskii, Arkadii},
  volume = {13},
  date-added = {2014-03-31 13:57:18 +0000},
  date-modified = {2014-03-31 13:57:26 +0000}
}

@article{attouch-2010,
 author = {Attouch, H{\'e}dy and Bolte, J{\'e}r\^{o}me and Redont, Patrick and Soubeyran, Antoine},
 title = {Proximal alternating minimization and projection methods for nonconvex problems: an approach based on the {K}urdyka-{{\L}}ojasiewicz inequality},
 journal = {Math. Oper. Res.},
 volume = {35},
 number = {2},
 month = may,
 year = {2010},
 pages = {438--457},
}


%%%% BREGMAN OPTIMIZATION %%%%%

@ARTICLE{bauschke-lewis,
  author={Bauschke, Heinz H and Lewis, Adrian S},
    title = {Dykstra's algorithm with {B}regman projections: a convergence proof},
  journal = {Optimization},
  year = {2000},
  volume = {48},
  pages = {409--427},
  number = {4},
}


@ARTICLE{bregman1967relaxation,
  author={Bregman, Lev M},
  title = {The relaxation method of finding the common point of convex sets
	and its application to the solution of problems in convex programming},
  journal = {USSR Computational Mathematics and Mathematical Physics},
  year = {1967},
  volume = {7},
  pages = {200--217},
  number = {3},
  publisher = {Elsevier}
}


@ARTICLE{EcksteinProxPoint,
  author={Eckstein, Jonathan},
  title = {Nonlinear proximal point algorithms using {Bregman} functions, with
	applications to convex programming},
  journal = {Mathematics of Operations Research},
  year = {1993},
  volume = {18},
  pages = {202--226},
  number = {1}
}

@ARTICLE{WangBanerjee-ADMM,
  title={Bregman alternating direction method of multipliers},
  author={Wang, Huahua and Banerjee, Arindam},
  booktitle={Advances in Neural Information Processing Systems},
  pages={2816--2824},
  year={2014}
}

@article{bot-2015,
  title={An inertial forward--backward algorithm for the minimization of the sum of two nonconvex functions},
  author={Bo{\c{t}}, Radu Ioan and Csetnek, Ern{\"o} Robert and L{\'a}szl{\'o}, Szil{\'a}rd Csaba},
  journal={EURO Journal on Computational Optimization},
  volume={4},
  number={1},
  pages={3--25},
  year={2016},
  publisher={Springer}
}

% Dykstra with bregman div
@Article{CensorReich-Dykstra,
  author={Censor, Yair and Reich, Simeon},
  title =	"The {Dykstra} algorithm with {Bregman} projections",
  journal =	"Communications in Applied Analysis",
  year = 	"1998",
  volume =	"2",
  pages =	"407--419",
}

% extension from indicators to general proximable functions
@Article{BauschkeCombettes-Dykstra,
  author={Bauschke, Heinz H and Combettes, Patrick L},
  title =	"A {Dykstra}-like algorithm for two monotone operators",
  journal =	"Pacific Journal of Optimization",
  year = 	"2008",
  volume =	"4",
  number = 3,
  pages =	"383--391",
}


%%%% STOCHASTIC OPTIMIZATION %%%%%%


@inproceedings{2015-Babanezhad-NIPS,
  title={Stop wasting my gradients: practical SVRG},
  author={Harikandeh, Reza and Ahmed, Mohamed Osama and Virani, Alim and Schmidt, Mark and Kone{\v{c}}n{\`y}, Jakub and Sallinen, Scott},
  booktitle={Advances in Neural Information Processing Systems},
  pages={2251--2259},
  year={2015}
}


@article{BachJMLR14,
  author    = {Francis Bach},
  title     = {Adaptivity of averaged stochastic gradient descent to local strong convexity for logistic regression},
  journal   = {Journal of Machine Learning Research},
  volume    = {15},
  pages     = {367--399},
  year      = {2014},
}

@inproceedings{Bach13NIPS,
  title={Non-strongly-convex smooth stochastic approximation with convergence rate O (1/n)},
  author={Bach, Francis and Moulines, Eric},
  booktitle={Advances in Neural Information Processing Systems},
  pages={773--781},
  year={2013}
}

@Book{RogWil87,
  author={Rogers, L Chris G and Williams, David},
  title =	"Diffusions, {Markov} processes, and martingales",
  publisher =	"Wiley",
  address =	"New York",
  volume =	"2",
  year = 	"1987",
}

%%% AUTO DIFF %%%%

@Article{Neidinger10,
  title =	"Introduction to automatic differentiation and {Matlab}
		 object-oriented programming",
  author={Neidinger, Richard D},
  journal =	"SIAM Review",
  year = 	"2010",
  number =	"3",
  volume =	"52",
  pages =	"545--563",
}

@article{theano2016,
  author    = {Rami Al{-}Rfou and
               Guillaume Alain and
               Amjad Almahairi and
               Christof Angerm{\"{u}}ller and
               Dzmitry Bahdanau and
               Nicolas Ballas et al.},
  title     = {Theano: {A} Python framework for fast computation of mathematical
               expressions},
  journal   = {CoRR},
  volume    = {abs/1605.02688},
  year      = {2016},
}

@book{griewank2008evaluating,
  title={Evaluating Derivatives: Principles and Techniques of Algorithmic Differentiation},
  author={Griewank, Andreas and Walther, Andrea},
  year={2008},
  publisher={SIAM}
}

@book{rall1981automatic,
  title={Automatic Differentiation: Techniques and Applications},
  author={Rall, Louis B},
  year={1981},
  publisher={Springer}
}

@article{griewank1992achieving,
  title={Achieving logarithmic growth of temporal and spatial complexity in reverse automatic differentiation},
  author={Griewank, Andreas},
  journal={Optimization Methods and Software},
  volume={1},
  number={1},
  pages={35--54},
  year={1992},
  publisher={Taylor \& Francis}
}

@article{abadi2016tensorflow,
  title={Tensorflow: large-scale machine learning on heterogeneous distributed systems},
  author={Abadi, Mart{\'\i}n and Agarwal, Ashish and Barham, Paul and Brevdo, Eugene and Chen, Zhifeng and Citro, Craig and Corrado, Greg S and Davis, Andy and Dean, Jeffrey and Devin, Matthieu and others},
  journal={arXiv preprint arXiv:1603.04467},
  year={2016}
}


@article{pytorch,
  title = {Pytorch library},
  author = {Pytorch},
  journal={http://pytorch.org/},
  year={2017}
}


%%%% BILEVEL %%%%

@book{Bard98,
  title={Practical Bilevel optimization: Applications and Algorithms},
  author={Bard, J.F},
  year={1998},
  publisher={Kluwer Academic Press}
}

%%% PROXIMAL METHODS %%%%

@BOOK{BauschkeCombettes11,
  title = {Convex analysis and monotone operator theory in {H}ilbert spaces},
  publisher = {Springer-Verlag},
  year = {2011},
  author={Bauschke, Heinz H and Combettes, Patrick L},
  address = {New York},
  date-added = {2011-07-25 22:36:34 +0200},
  date-modified = {2011-08-20 15:12:52 +0200}
}



@Article{Lions-Mercier-DR,
  author={Lions, Pierre-Louis and Mercier, Bertrand},
  title =	"Splitting algorithms for the sum of two nonlinear
		 operators",
  journal =	"SIAM Journal on Numerical Analysis",
  year = 	"1979",
  volume =	"16",
  pages =	"964--979",
}


@book{Fortin1983,
  title={Augmented {L}agrangian Methods: Applications to the Numerical Solution of Boundary-value Problems},
  author={Fortin, Michel and Glowinski, Roland},
  year={1983},
  publisher={Elsevier Science}
}

@incollection{Gabay83,
    address = {Amsterdam},
    author = {Gabay, Daniel},
    booktitle = {Augmented {L}agrangian methods: applications to the solution of boundary value problems},
    chapter = {IX},
    citeulike-article-id = {10247178},
    editor = {Fortin, M. and Glowinski, R.},
    pages = {299--340},
    posted-at = {2012-01-20 13:10:01},
    priority = {2},
    publisher = {North-Holland},
    title = {{Applications of the method of multipliers to variational inequalities}},
    year = {1983}
}


@ARTICLE{Eckstein1992,
  author={Eckstein, Jonathan and Bertsekas, Dimitri P},
    title = {On the {D}ouglas-{R}achford splitting method and the proximal point algorithm for maximal monotone operators},
    journal = {Mathematical Programming},
    year = {1992},
    volume = {55},
	issue={3},
    pages = {293--318}
}

@article{GabayMercier,
title = "A dual algorithm for the solution of nonlinear variational problems via finite element approximation",
journal = "Computers \& Mathematics with Applications ",
volume = "2",
number = "1",
pages = "17--40",
year = "1976",
  author={Gabay, Daniel and Mercier, Bertrand},
}

@article{GlowinskiMarroco,
  author={Glowinski, Roland and Marroco, A.},
journal = {ESAIM: Mathematical Modelling and Numerical Analysis},
number = {R2},
pages = {41--76},
publisher = {EDP Sciences},
title = {Sur l'approximation, par \'el\'ements finis d'ordre un, et la r\'esolution, par p\'enalisation-dualit\'e d'une classe de probl\`emes de {Dirichlet} non lin\'eaires},
volume = {9},
year = {1975},
}

@article{BoydADMM,
  author={Boyd, Stephen and Parikh, Neal and Chu, Eric and Peleato, Borja and Eckstein, Jonathan},
 title = {Distributed optimization and statistical learning via the alternating direction method of multipliers},
 journal = {Foundations and Trends in Machine Learning},
 issue_date = {January 2011},
 volume = {3},
 number = {1},
 month = jan,
 year = {2011},
 pages = {1--122},
 publisher = {Now Publishers Inc.},
 address = {Hanover, MA, USA},
}


@article{Moreau1965,
  author={Moreau, Jean-Jacques},
journal = {Bulletin de la Soci\'et\'e Math\'ematique de France},
keywords = {functional analysis},
pages = {273-299},
publisher = {Soci\'et\'e math\'ematique de France},
title = {Proximit\'e et dualit\'e dans un espace hilbertien},
volume = {93},
year = {1965},
}


@ARTICLE{Combettes2007,
  author={Combettes, Patrick L and Pesquet, Jean-Christophe},
journal={IEEE Journal of Selected Topics in Signal Processing},
title={A {D}ouglas-{R}achford splitting approach to nonsmooth convex variational signal recovery},
year={2007},
volume={1},
number={4},
pages={564 -574},
}

%% projection simplex
@article{condat2015fast,
  title={Fast projection onto the simplex and the $\ell_1$ ball},
  author={Condat, Laurent},
  journal={Math. Programming, Ser. A},
  pages={1--11},
  year={2015}
}


@article{hadjidimos2000successive,
  title={Successive overrelaxation ({SOR}) and related methods},
  author={Hadjidimos, A},
  journal={Journal of Computational and Applied Mathematics},
  volume={123},
  number={1},
  pages={177--199},
  year={2000},
  publisher={Elsevier}
}


%% mirror descent
@article{beck2003mirror,
  title={Mirror descent and nonlinear projected subgradient methods for convex optimization},
  author={Beck, Amir and Teboulle, Marc},
  journal={Operations Research Letters},
  volume={31},
  number={3},
  pages={167--175},
  year={2003},
  publisher={Elsevier}
}

%% proximal point
@article{rockafellar1976monotone,
  title={Monotone operators and the proximal point algorithm},
  author={Rockafellar, R Tyrrell},
  journal={SIAM Journal on Control and Optimization},
  volume={14},
  number={5},
  pages={877--898},
  year={1976},
  publisher={SIAM}
}

@article{censor1992proximal,
  title={Proximal minimization algorithm with $D$-functions},
  author={Censor, Yair and Zenios, Stavros Andrea},
  journal={Journal of Optimization Theory and Applications},
  volume={73},
  number={3},
  pages={451--464},
  year={1992},
  publisher={Springer}
}


%%%%%%%%%%%%%%%%%%%%%%%%%%%%%%%%%%%%%%%% semi-discrete.bib %%%%%%%%%%%%%%%%%%%%%%%%%%%%%%%%%%%%%%%%


%%% Semi-discrete %%%%

% initial idea
@article{oliker1989numerical,
  title={On the numerical solution of the equation
  	$\frac{\partial^2 z}{\partial x^2} \frac{\partial^2 z}{\partial y^2}-\left( \frac{\partial^2 z}{\partial x\partial y} \right)^2=f$
	and its discretizations, {I}},
  author={Oliker, Vladimir and Prussner, Laird D},
  journal={Numerische Mathematik},
  volume={54},
  number={3},
  pages={271--293},
  year={1989},
  publisher={Springer}
}

% proposed a variational formulation for semi-discrete optimal transport, but do not analyse its algorithmic consequences further
@Article{AurenhammerHA98,
  title =	"Minkowski-type theorems and least-squares clustering",
  author={Aurenhammer, Franz and Hoffmann, Friedrich and Aronov, Boris},
  journal =	"Algorithmica",
  year = 	"1998",
  number =	"1",
  volume =	"20",
  pages =	"61--76",
}

% power diagrams
@article{aurenhammer1987power,
  title={Power diagrams: properties, algorithms and applications},
  author={Aurenhammer, Franz},
  journal={SIAM Journal on Computing},
  volume={16},
  number={1},
  pages={78--96},
  year={1987},
  publisher={SIAM}
}
@article{chan1996optimal,
  title={Optimal output-sensitive convex hull algorithms in two and three dimensions},
  author={Chan, Timothy M},
  journal={Discrete \& Computational Geometry},
  volume={16},
  number={4},
  pages={361--368},
  year={1996},
  publisher={Springer}
}

% theoretical stufy
@inproceedings{caffarelli1999problem,
  title={Problem of reflector design with given far-field scattering data},
  author={Caffarelli, Luis A and Kochengin, Sergey A and Oliker, Vladimir I},
  booktitle={Monge Amp{\`e}re equation: applications to geometry and optimization},
  volume={226},
  pages={13},
  year={1999},
}

% use quasi newton // revival of the method
@Article{Merigot11,
  title =	"A multiscale approach to optimal transport",
  author =	"Quentin M{\'e}rigot",
  journal =	"Computer Graphics Forum",
  year = 	"2011",
  number =	"5",
  volume =	"30",
  bibdate =	"2011-08-22",
  bibsource =	"DBLP,
		 http://dblp.uni-trier.de/db/journals/cgf/cgf30.html#Merigot11",
  pages =	"1583--1592",
}

% use of newton and application to sampling in computer graphics
@article{de2012blue,
  title={Blue noise through optimal transport},
  author={De Goes, Fernando and Breeden, Katherine and Ostromoukhov, Victor and Desbrun, Mathieu},
  journal={ACM Transactions on Graphics},
  volume={31},
  number={6},
  pages={171},
  year={2012},
  publisher={ACM}
}

% use of newton
@article{de2016far,
  title={Far-field reflector problem and intersection of paraboloids},
  author={de Castro, Pedro Machado Manh{\~a}es and M{\'e}rigot, Quentin and Thibert, Boris},
  journal={Numerische Mathematik},
  volume={134},
  number={2},
  pages={389--411},
  year={2016},
  publisher={Springer}
}

% application in 3D and surface modelling
@article{levy2015numerical,
  title={A numerical algorithm for $L^2$ semi-discrete optimal transport in 3D},
  author={L{\'e}vy, Bruno},
  journal={ESAIM: Mathematical Modelling and Numerical Analysis},
  volume={49},
  number={6},
  pages={1693--1715},
  year={2015},
  publisher={EDP Sciences}
}

% first to show convergence of dampted newton for the Monge-Amp`ere equation with Dirichlet condition
@article{mirebeau2015discretization,
  title={Discretization of the {3D} {Monge-Ampere} operator, between wide stencils and power diagrams},
  author={Mirebeau, Jean-Marie},
  journal={ESAIM: Mathematical Modelling and Numerical Analysis},
  volume={49},
  number={5},
  pages={1511--1523},
  year={2015},
  publisher={EDP Sciences}
}

% extended to optimal transport for cost functions satisfying the so-called Ma-Trudinger-Wang condition in [9]
@article{kitagawa2016newton,
  title={A {Newton} algorithm for semi-discrete optimal transport},
  author={Kitagawa, Jun and M{\'e}rigot, Quentin and Thibert, Boris},
  journal={arXiv preprint arXiv:1603.05579},
  year={2016}
}

% appli fluid dynamics


@article{deGoes2015,
 title = {Power particles: an incompressible fluid solver based on power diagrams},
  author={de Goes, Fernando and Wallez, Corentin and Huang, Jin and Pavlov, Dmitry and Desbrun, Mathieu},
 journal = {ACM Transaction Graphics},
 volume = {34},
 number = {4},
 month = jul,
 year = {2015},
 pages = {50:1--50:11},
 articleno = {50},
 numpages = {11},
 publisher = {ACM},
 address = {New York, NY, USA},
}


%%% Newton on semi-dual %%%

@article{bach2010self,
  title={Self-concordant analysis for logistic regression},
  author={Bach, Francis},
  journal={Electronic Journal of Statistics},
  volume={4},
  pages={384--414},
  year={2010},
  publisher={The Institute of Mathematical Statistics and the Bernoulli Society}
}
@book{hosmer2013applied,
  title={Applied Logistic Regression},
  author={Hosmer Jr, David W and Lemeshow, Stanley and Sturdivant, Rodney X},
  volume={398},
  year={2013},
  publisher={John Wiley \& Sons}
}

@article{allen2017much,
  title={Much faster algorithms for matrix scaling},
  author={Allen-Zhu, Zeyuan and Li, Yuanzhi and Oliveira, Rafael and Wigderson, Avi},
  journal={arXiv preprint arXiv:1704.02315},
  year={2017}
}

@article{cohen2017matrix,
  title={Matrix scaling and balancing via box constrained {Newton's} method and interior point methods},
  author={Cohen, Michael B and Madry, Aleksander and Tsipras, Dimitris and Vladu, Adrian},
  journal={arXiv preprint arXiv:1704.02310},
  year={2017}
}

%% Related paper on semi discrete

@article{carlier2010knothe,
  title={From Knothe's transport to {Brenier}'s map and a continuation method for optimal transport},
  author={Carlier, Guillaume and Galichon, Alfred and Santambrogio, Filippo},
  journal={SIAM Journal on Mathematical Analysis},
  volume={41},
  number={6},
  pages={2554--2576},
  year={2010},
  publisher={SIAM}
}

%%%%%%%%%%%%%%%%%%%%%%%%%%%%%%%%%%%%%%%% tensors.bib %%%%%%%%%%%%%%%%%%%%%%%%%%%%%%%%%%%%%%%%


@article{2016-peyre-qot,
    title = "Quantum entropic regularization of matrix-valued optimal transport",
    author = "Gabriel Peyr{\'e} and Lenaic Chizat and Francois-Xavier Vialard and Justin Solomon",
     journal = "to appear in European Journal of Applied Mathematics",
     year = "2017",
}

% dual norms
@inproceedings{Ning2014metrics,
  title={Metrics for matrix-valued measures via test functions},
  author={Ning, Lipeng and Georgiou, Tryphon T},
  booktitle={53rd IEEE Conference on Decision and Control},
  pages={2642--2647},
  year={2014},
  organization={IEEE}
}


%% space/matrix
@ARTICLE{JiangSpectral,
author={Jiang, Xianhua and Ning, Lipeng and Georgiou, Tryphon T},
journal={IEEE Transactions on Automatic Control},
title={Distances and {R}iemannian metrics for multivariate spectral densities},
year={2012},
volume={57},
number={7},
pages={1723--1735},
}

%% dynamic space/matrix

%% lifting
@article{ning2015matrix,
  title={On matrix-valued {M}onge--{K}antorovich optimal mass transport},
  author={Ning, Lipeng and Georgiou, Tryphon T and Tannenbaum, Allen},
  journal={IEEE Transactions on Automatic Control},
  volume={60},
  number={2},
  pages={373--382},
  year={2015},
  publisher={IEEE}
}


%% dynamic matrix only
@Article{Carlen2014,
author={Carlen, Eric A and Maas, Jan},
title="An analog of the 2-{W}asserstein metric in non-commutative probability under which the fermionic {F}okker--{P}lanck equation is gradient flow for the entropy",
journal="Communications in Mathematical Physics",
year="2014",
volume="331",
number="3",
pages="887--926",
}

@ARTICLE{Chen2016,
author={Yongxin Chen and Tryphon T Georgiou and Allen Tannenbaum},
journal={arXiv preprint arXiv:1610.03041},
title={Matrix optimal mass transport: a quantum mechanical approach},
year={2016},
}

@ARTICLE{ChenGangbo17,
author={Yongxin Chen and Wilfrid Gangbo and Tryphon T Georgiou and Allen Tannenbaum},
journal={arXiv preprint arXiv:\-1701.\-02826},
title={On the matrix {M}onge-{K}antorovich problem},
year={2017},
}


%%% GURVITS %%%%

@article{gurvits2004classical,
  title={Classical complexity and quantum entanglement},
  author={Gurvits, Leonid},
  journal={Journal of Computer and System Sciences},
  volume={69},
  number={3},
  pages={448--484},
  year={2004},
  publisher={Elsevier}
}

@article{georgiou2015positive,
  title={Positive contraction mappings for classical and quantum {S}chr{\"o}dinger systems},
  author={Georgiou, Tryphon T and Pavon, Michele},
  journal={Journal of Mathematical Physics},
  volume={56},
  number={3},
  pages={033301},
  year={2015},
  publisher={AIP Publishing}
}

%%% Bures %%%%

@article{bures1969extension,
  title={An extension of {Kakutani's} theorem on infinite product measures to the tensor product of semifinite $w^*$-algebras},
  author={Bures, Donald},
  journal={Transactions of the American Mathematical Society},
  volume={135},
  pages={199--212},
  year={1969},
  publisher={JSTOR}
}

@article{forrester2016relating,
  title={Relating the {Bures} measure to the {Cauchy} two-matrix model},
  author={Forrester, Peter J and Kieburg, Mario},
  journal={Communications in Mathematical Physics},
  volume={342},
  number={1},
  pages={151--187},
  year={2016},
  publisher={Springer}
}


%%%%%%%%%%%%%%%%%%%%%%%%%%%%%%%%%%%%%%%% todo.bib %%%%%%%%%%%%%%%%%%%%%%%%%%%%%%%%%%%%%%%%

%%%% hilbert metric

@book{lemmens2012nonlinear,
  title={Nonlinear Perron-Frobenius Theory},
  author={Lemmens, Bas and Nussbaum, Roger},
  volume={189},
  year={2012},
  publisher={Cambridge University Press}
}


@article{knight2014symmetry,
  title={A symmetry preserving algorithm for matrix scaling},
  author={Knight, Philip A and Ruiz, Daniel and U{\c{c}}ar, Bora},
  journal={SIAM Journal on Matrix Analysis and Applications},
  volume={35},
  number={3},
  pages={931--955},
  year={2014},
  publisher={SIAM}
}

@article{knight2008sinkhorn,
  title={The {Sinkhorn--Knopp} algorithm: convergence and applications},
  author={Knight, Philip A},
  journal={SIAM Journal on Matrix Analysis and Applications},
  volume={30},
  number={1},
  pages={261--275},
  year={2008},
  publisher={SIAM}
}

%%%%%

@article{MatthesPositive,
 title={Transport distances and geodesic convexity for systems of degenerate diffusion equations},
  author={Zinsl, Jonathan and Matthes, Daniel},
  journal={Calculus of Variations and Partial Differential Equations},
  volume={54},
  number={4},
  pages={3397--3438},
  year={2015},
  publisher={Springer}
}


% newton method for sinkh
@article{sugiyama2017tensor,
  title={Tensor balancing on statistical manifold},
  author={Sugiyama, Mahito and Nakahara, Hiroyuki and Tsuda, Koji},
  journal={arXiv preprint arXiv:1702.08142},
  year={2017}
}
@article{knight2013fast,
  title={A fast algorithm for matrix balancing},
  author={Knight, Philip A and Ruiz, Daniel},
  journal={IMA Journal of Numerical Analysis},
  volume={33},
  number={3},
  pages={1029--1047},
  year={2013},
  publisher={Oxford University Press}
}

@article{KnottSmith,
  title={On a generalization of cyclic monotonicity and distances among random vectors},
  author={Knott, Martin and Smith, Cyril S},
  journal={Linear Algebra and Its Applications},
  volume={199},
  pages={363--371},
  year={1994},
  publisher={Elsevier}
}

@article{RuschendorfUckelmann,
  title={On the $n$-coupling problem},
  author={R{\"u}schendorf, Ludger and Uckelmann, Ludger},
  journal={Journal of Multivariate Analysis},
  volume={81},
  number={2},
  pages={242--258},
  year={2002},
  publisher={Elsevier}
}

@article{FastSlantStack,
  title={Fast slant stack: a notion of Radon transform for data in a Cartesian grid which is rapidly computible, algebraically exact, geometrically faithful and invertible},
  author={Averbuch, Amir and Coifman, Ronald and Donoho, David and Israeli, Moshe and Walden, Johan},
  journal={Tech. Rep., Stanford University},
  year={2001}
}

% geodesic convexity: guarantees existence and uniqueness of gradient flow, and convergence to a single stationary distrib

@article{mccann1997convexity,
  title={A convexity principle for interacting gases},
  author={McCann, Robert J},
  journal={Advances in Mathematics},
  volume={128},
  number={1},
  pages={153--179},
  year={1997},
  publisher={Elsevier}
}


% texture synthesis

@inproceedings{gutierrez2017optimal,
  title={Optimal patch assignment for statistically constrained texture synthesis},
  author={Gutierrez, Jorge and Rabin, Julien and Galerne, Bruno and Hurtut, Thomas},
  booktitle={International Conference on Scale Space and Variational Methods in Computer Vision},
  pages={172--183},
  year={2017},
  organization={Springer}
}

% image segmentation

@inproceedings{peyre2012wasserstein,
  title={Wasserstein active contours},
  author={Peyr{\'e}, Gabriel and Fadili, Jalal and Rabin, Julien},
  booktitle={19th IEEE International Conference on Image Processing},
  pages={2541--2544},
  year={2012},
  organization={IEEE}
}


% gradient flows

@article{carlier2017total,
  title={On the total variation {Wasserstein} gradient flow and the {TV-JKO} scheme},
  author={Carlier, Guillaume and Poon, Clarice},
  journal={to appear in ESAIM: COCV},
  year={2019}
}



% vector quantile regression

@article{carlier2016vector,
  title={Vector quantile regression beyond correct specification},
  author={Carlier, Guillaume and Chernozhukov, Victor and Galichon, Alfred},
  journal={arXiv preprint arXiv:\-1610.\-06833},
  year={2016}
}

% inverse problem of estimating the cost when observing the coupling

@article{dupuy2016estimating,
  title={Estimating matching affinity matrix under low-rank constraints},
  author={Dupuy, Arnaud and Galichon, Alfred and Sun, Yifei},
  journal = "Arxiv:1612.09585",
  year={2016}
}

% extention of DR dynamic for mean fields games

@article{benamou2015augmented,
  title={Augmented Lagrangian methods for transport optimization, mean field games and degenerate elliptic equations},
  author={Benamou, Jean-David and Carlier, Guillaume},
  journal={Journal of Optimization Theory and Applications},
  volume={167},
  number={1},
  pages={1--26},
  year={2015},
  publisher={Springer}
}


% bag of feature matching

@article{pele2008linear,
  title={A linear time histogram metric for improved sift matching},
  author={Pele, Ofir and Werman, Michael},
  journal={Computer Vision--ECCV 2008},
  pages={495--508},
  year={2008},
  publisher={Springer}
}


% OT on lifted space
@article{thorpe2017transportation,
  title={A transportation $L^p$ distance for signal analysis},
  author={Thorpe, Matthew and Park, Serim and Kolouri, Soheil and Rohde, Gustavo K and Slep{\v{c}}ev, Dejan},
  journal={Journal of Mathematical Imaging and Vision},
  volume={59},
  number={2},
  pages={187--210},
  year={2017},
  publisher={Springer}
}

% segmentation
@article{ni2009local,
  title={Local histogram based segmentation using the {Wasserstein} distance},
  author={Ni, Kangyu and Bresson, Xavier and Chan, Tony and Esedoglu, Selim},
  journal={International Journal of Computer Vision},
  volume={84},
  number={1},
  pages={97--111},
  year={2009},
  publisher={Springer}
}

% proximal splitting for W1
@article{li2016fast,
  title={A fast algorithm for unbalanced $L^1$ {Monge--Kantorovich} problem},
  author={Li, Wuchen and Yin, Penghang and Osher, Stanley},
  journal={CAM report},
  year={2016}
}

% shape and image matching

@article{zhu2007image,
  title={An image morphing technique based on optimal mass preserving mapping},
  author={Zhu, Lei and Yang, Yan and Haker, Steven and Tannenbaum, Allen},
  journal={IEEE Transactions on Image Processing},
  volume={16},
  number={6},
  pages={1481--1495},
  year={2007},
  publisher={IEEE}
}

@inproceedings{schmitzer2013object,
  title={Object segmentation by shape matching with {Wasserstein} modes},
  author={Schmitzer, Bernhard and Schn{\"o}rr, Christoph},
  booktitle={International Workshop on Energy Minimization Methods in Computer Vision and Pattern Recognition},
  pages={123--136},
  year={2013},
  organization={Springer}
}

@article{wang2013linear,
  title={A linear optimal transportation framework for quantifying and visualizing variations in sets of images},
  author={Wang, Wei and Slep{\v{c}}ev, Dejan and Basu, Saurav and Ozolek, John A and Rohde, Gustavo K},
  journal={International Journal of Computer Vision},
  volume={101},
  number={2},
  pages={254--269},
  year={2013},
  publisher={Springer}
}

@article{museyko2009application,
  title={On the application of the {Monge--Kantorovich} problem to image registration},
  author={Museyko, Oleg and Stiglmayr, Michael and Klamroth, Kathrin and Leugering, G{\"u}nter},
  journal={SIAM Journal on Imaging Sciences},
  volume={2},
  number={4},
  pages={1068--1097},
  year={2009},
  publisher={SIAM}
}

@inproceedings{makihara2010earth,
  title={Earth mover's morphing: Topology-free shape morphing using cluster-based {EMD} flows},
  author={Makihara, Yasushi and Yagi, Yasushi},
  booktitle={Asian Conference on Computer Vision},
  pages={202--215},
  year={2010},
  organization={Springer}
}

@inproceedings{li2013novel,
  title={A novel earth mover's distance methodology for image matching with {Gaussian} mixture models},
  author={Li, Peihua and Wang, Qilong and Zhang, Lei},
  booktitle={Proceedings of the IEEE International Conference on Computer Vision},
  pages={1689--1696},
  year={2013}
}


@article{lai2014multi,
  title={Multiscale Nonrigid Point Cloud Registration Using Rotation-Invariant Sliced-Wasserstein Distance via Laplace--Beltrami Eigenmap},
  author={Lai, Rongjie and Zhao, Hongkai},
  journal={SIAM Journal on Imaging Sciences},
  volume={10},
  number={2},
  pages={449--483},
  year={2017},
  publisher={SIAM}
}

% domain adaptation


@incollection{courty2017joint,
title = {Joint distribution optimal transportation for domain adaptation},
author = {Courty, Nicolas and Flamary, R\'{e}mi and Habrard, Amaury and Rakotomamonjy, Alain},
booktitle = {Advances in Neural Information Processing Systems 30},
editor = {I. Guyon and U. V. Luxburg and S. Bengio and H. Wallach and R. Fergus and S. Vishwanathan and R. Garnett},
pages = {3730--3739},
year = {2017}
}


% remote sensing image fusion

@inproceedings{courty2016optimal,
  title={Optimal transport for data fusion in remote sensing},
  author={Courty, Nicolas and Flamary, R{\'e}mi and Tuia, Devis and Corpetti, Thomas},
  booktitle={2016 IEEE International Geoscience and Remote Sensing Symposium},
  pages={3571--3574},
  year={2016},
  organization={IEEE}
}

% music transcription

@inproceedings{flamary2016optimal,
  title={Optimal spectral transportation with application to music transcription},
  author={Flamary, R{\'e}mi and F{\'e}votte, C{\'e}dric and Courty, Nicolas and Emiya, Valentin},
  booktitle={Advances in Neural Information Processing Systems},
  pages={703--711},
  year={2016}
}



% appli medical

@article{wang2011optimal,
  title={An optimal transportation approach for nuclear structure-based pathology},
  author={Wang, Wei and Ozolek, John A. and Slepcev, Dejan and Lee, Ann B. and Chen, Cheng and Rohde, Gustavo K.},
  journal={IEEE Transactions on Medical Imaging},
  volume={30},
  number={3},
  pages={621--631},
  year={2011},
  publisher={IEEE}
}

@article{su2015optimal,
  title={Optimal mass transport for shape matching and comparison},
  author={Su, Zhengyu and Wang, Yalin and Shi, Rui and Zeng, Wei and Sun, Jian and Luo, Feng and Gu, Xianfeng},
  journal={IEEE Transactions on Pattern Analysis and Machine Intelligence},
  volume={37},
  number={11},
  pages={2246--2259},
  year={2015},
  publisher={IEEE}
}

% review semi-discrete


@article{Levy2017review,
  title={Notions of optimal transport theory and how to implement them on a computer},
  author={L{\'e}vy, Bruno and Schwindt, Erica L},
  journal={Computers \& Graphics},
  volume={72},
  pages={135--148},
  year={2018},
  publisher={Elsevier}
}


% color equalization

@article{delon2004midway,
  title={Midway image equalization},
  author={Delon, Julie},
  journal={Journal of Mathematical Imaging and Vision},
  volume={21},
  number={2},
  pages={119--134},
  year={2004},
  publisher={Springer}
}


% watermarking of images

@article{mathon2014optimal,
  title={Optimal transport for secure spread-spectrum watermarking of still images},
  author={Mathon, Benjamin and Cayre, Francois and Bas, Patrick and Macq, Benoit},
  journal={IEEE Transactions on Image Processing},
  volume={23},
  number={4},
  pages={1694--1705},
  year={2014},
  publisher={IEEE}
}

% monge ampere review

@article{caffarelli2003monge,
  title={The {Monge-Ampere} equation and optimal transportation, an elementary review},
  author={Caffarelli, Luis},
  journal={Lecture Notes in Mathematics, Springer-Verlag},
  pages={1--10},
  year={2003},
  publisher={Springer}
}

% ot general

@article{gigli2011user,
  title={A user's guide to optimal transport},
  author={Gigli, L Ambrosio-N},
  journal = "Modelling and Optimisation of Flows on Networks, Lecture Notes in Mathematics",
  year={2013}
}


@article{gangbo1996geometry,
  title={The geometry of optimal transportation},
  author={Gangbo, Wilfrid and McCann, Robert J},
  journal={Acta Mathematica},
  volume={177},
  number={2},
  pages={113--161},
  year={1996},
  publisher={Springer}
}

% bayesian inference and sampling

@article{oliver2014minimization,
  title={Minimization for conditional simulation: Relationship to optimal transport},
  author={Oliver, Dean S},
  journal={Journal of Computational Physics},
  volume={265},
  pages={1--15},
  year={2014},
  publisher={Elsevier}
}

@inproceedings{kim2013efficient,
  title={Efficient Bayesian inference methods via convex optimization and optimal transport},
  author={Kim, Sanggyun and Ma, Rui and Mesa, Diego and Coleman, Todd P},
  booktitle={IEEE International Symposium on Information Theory},
  pages={2259--2263},
  year={2013},
  organization={IEEE}
}

@article{el2012bayesian,
  title={Bayesian inference with optimal maps},
  author={El Moselhy, Tarek A and Marzouk, Youssef M},
  journal={Journal of Computational Physics},
  volume={231},
  number={23},
  pages={7815--7850},
  year={2012},
  publisher={Elsevier}
}

% appli semi discret for light design


@inproceedings{merigot2017light,
  title={Light in power: a general and parameter-free algorithm for caustic design},
  author={Meyron, Jocelyn and M{\'e}rigot, Quentin and Thibert, Boris},
  booktitle={SIGGRAPH Asia 2018 Technical Papers},
  pages={224},
  year={2018},
  organization={ACM}
}

% same for Euler

@article{gallouet2017lagrangian,
  title={A Lagrangian scheme {\`a} la Brenier for the incompressible Euler equations},
  author={Gallou{\"e}t, Thomas O and M{\'e}rigot, Quentin},
  journal={Foundations of Computational Mathematics},
  pages={1--31},
  volume = 18,
  year={2017},
  publisher={Springer}
}



% multiscale linear programming

@article{schmitzer2016sparse,
  title={A sparse multiscale algorithm for dense optimal transport},
  author={Schmitzer, Bernhard},
  journal={Journal of Mathematical Imaging and Vision},
  volume={56},
  number={2},
  pages={238--259},
  year={2016},
  publisher={Springer}
}

@article{oberman2015efficient,
  title={An efficient linear programming method for optimal transportation},
  author={Oberman, Adam M and Ruan, Yuanlong},
  journal={arXiv preprint arXiv:1509.03668},
  year={2015}
}

% dynamic on graphs

@article{solomon2016continuous,
  title={Con\-tinu\-ous-flow graph transportation distances},
  author={Solomon, Justin and Rustamov, Raif and Guibas, Leonidas and Butscher, Adrian},
  journal={arXiv preprint arXiv:\-1603.\-06927},
  year={2016}
}

@article{erbar2017computation,
  title={Computation of optimal transport on discrete metric measure spaces},
  author={Erbar, Matthias and Rumpf, Martin and Schmitzer, Bernhard and Simon, Stefan},
  journal={arXiv preprint arXiv:1707.06859},
  year={2017}
}

% inverse problems

@article{saumier2015optimal,
  title={Optimal transport for particle image velocimetry},
  author={Louis-Philippe Saumier and Boualem Khouider and Martial Agueh},
  journal={Communications in Mathematical Sciences},
  volume={13},
  number={1},
  pages={269--296},
  year={2015}
}

% GW

@article{schmitzer2013modelling,
  title={Modelling convex shape priors and matching based on the {Gromov}-{Wasserstein} distance},
  author={Schmitzer, Bernhard and Schn{\"o}rr, Christoph},
  journal={Journal of Mathematical Imaging and Vision},
  volume={46},
  number={1},
  pages={143--159},
  year={2013},
  publisher={Springer}
}

% quadratic regularization of ot

@article{essid2017quadratically,
  title={Quadratically-regularized optimal transport on graphs},
  author={Essid, Montacer and Solomon, Justin},
  journal={arXiv preprint arXiv:1704.08200},
  year={2017}
}

% stochasrtic barycenters

@incollection{staib2017parallel,
title = {Parallel Streaming Wasserstein Barycenters},
author = {Staib, Matthew and Claici, Sebastian and Solomon, Justin M and Jegelka, Stefanie},
booktitle = {Advances in Neural Information Processing Systems 30},
editor = {I. Guyon and U. V. Luxburg and S. Bengio and H. Wallach and R. Fergus and S. Vishwanathan and R. Garnett},
pages = {2647--2658},
year = {2017}
}


% harmonic maps over Wasserstein

@inproceedings{solomon2013dirichlet,
  title={Dirichlet energy for analysis and synthesis of soft maps},
  author={Solomon, Justin and Guibas, Leonidas and Butscher, Adrian},
  booktitle={Computer Graphics Forum},
  volume={32},
  number={5},
  pages={197--206},
  year={2013},
  organization={Wiley Online Library}
}

% unbalanced

@article{schmitzer2017dynamic,
  title={Dynamic models of {Wasserstein}-1-type unbalanced transport},
  author={Schmitzer, Bernhard and Wirth, Benedikt},
  journal={arXiv preprint arXiv:1705.04535},
  year={2017}
}

@article{schmitzer2017framework,
  title={A framework for {Wasserstein}-1-type metrics},
  author={Schmitzer, Bernhard and Wirth, Benedikt},
  journal={arXiv preprint arXiv:1701.01945},
  year={2017}
}


%% Provided by Wuchen Li %%
@book{evans1999differential,
  title={Differential Equations Methods for the Monge-Kantorovich Mass Transfer Problem},
  author={Evans, Lawrence C. and Gangbo, Wilfrid},
  volume={653},
  year={1999},
  publisher={American Mathematical Society}
}

@article{Ryu2017a,
  title = {Unbalanced and partial $L^1$ {Monge-Kantorovich} problem: a scalable parallel first-order method},
  journal = {Journal of Scientific Computing},
  author = {Ryu, Ernest K. and Li, Wuchen and Yin, Penghang and Osher, Stanley},
  year = {2017},
  volume = 75, 
  number = 3, 
  pages = "1596--1613", 
}

@article{LiRyuOsherYinGangbo2017_parallel,
  title = {A parallel method for {Earth Mover}'s distance},
  journal = {Journal of Scientific Computing},
  author = {Li, Wuchen and Ryu, Ernest K. and Osher, Stanley and Yin, Wotao and Gangbo, Wilfrid},
  year = {2018},
  volume = 75, 
  number = 1, 
  pages = "182--197", 
}



@article{ChowDieciLiZhou2016_entropya,
  archivePrefix = {arXiv},
  eprinttype = {arxiv},
  eprint = {1608.02628},
  primaryClass = {math},
  title = {Entropy dissipation semi-discretization schemes for {Fokker-Planck} equations},
  journal = {arXiv:1608.02628 [math]},
  author = {Chow, Shui-Nee and Dieci, Luca and Li, Wuchen and Zhou, Haomin},
  year = {2016}
}

@article{LiYinOsher2017_computationsa,
  archivePrefix = {arXiv},
  eprinttype = {arxiv},
  eprint = {1704.04605},
  primaryClass = {math},
  title = {Computations of optimal transport distance with {Fisher} information regularization},
  journal = {arXiv:1704.04605 [math]},
  author = {Li, Wuchen and Yin, Penghang and Osher, Stanley},
  year = {2017},
  annote = {Comment: Optimal transport, Fisher information, Schr$\backslash$"odinger bridge problem, Newton's method}
}


@article{ChowLiLuZhou2017_population,
  archivePrefix = {arXiv},
  eprinttype = {arxiv},
  eprint = {1704.00855},
  primaryClass = {math},
  title = {Population games and {{Discrete}} optimal transport},
  journal = {arXiv:1704.00855 [math]},
  author = {Chow, Shui-Nee and Li, Wuchen and Lu, Jun and Zhou, Haomin},
  year = {2017},
  annote = {Comment: Evolutionary game theory; Optimal transport; Mean field games; Gibbs measure; Entropy; Fisher information}
}

@article{GangboLiMou2017_geodesic,
  archivePrefix = {arXiv},
  eprinttype = {arxiv},
  eprint = {1712.09266},
  primaryClass = {math},
  title = {Geodesic of minimal length in the set of probability measures on graphs},
  journal = {arXiv:1712.09266 [math]},
  author = {Gangbo, Wilfrid and Li, Wuchen and Mou, Chenchen},
  year = {2017},
  annote = {Comment: 31 Pages}
}

@article{Ryu2017b,
  title = {Vector and matrix optimal mass transport: theory, algorithm, and applications},
  journal = {SIAM Journal on Scientific Compututing},
  volume = 40,
  number = 5,
  pages = "A3675--A3698",
  author = {Ryu, Ernest K. and Chen, Yongxin and Li, Wuchen and Osher, Stanley},
  year = {2017},
}

@article{nelson1966derivation,
  title={Derivation of the Schr{\"o}dinger equation from Newtonian mechanics},
  author={Nelson, Edward},
  journal={Physical Review},
  volume={150},
  number={4},
  pages={1079},
  year={1966},
  publisher={APS}
}

@article{carlen2014stochastic,
  title={Stochastic mechanics: a look back and a look ahead},
  author={Carlen, Eric},
  journal={Diffusion, quantum theory and radically elementary mathematics},
  volume={47},
  pages={117--139},
  year={2014},
  publisher={Mathematical Notes}
}

@article{li2017computations,
  title={Computations of optimal transport distance with Fisher information regularization},
  author={Li, Wuchen and Yin, Penghang and Osher, Stanley},
  journal={Journal of Scientific Computing},
  pages={1--15},
  year={2017},
  publisher={Springer}
}

@article{liimage,
  title={Image segmentation via $L^1$ Monge-Kantorovich problem},
  author={Li, Yupeng and Li, Wuchen and Cao, Guo},
  year = 2018,
  journal = "CAM report 17-73"
}

@article{gangbo2008hamilton,
  title={Hamilton-Jacobi equations in the Wasserstein space},
  author={Gangbo, Wilfrid and Nguyen, Truyen and Tudorascu, Adrian and others},
  journal={Methods and Applications of Analysis},
  volume={15},
  number={2},
  pages={155--184},
  year={2008},
  publisher={International Press of Boston}
}

%% First appearance of kernel norms
@inproceedings{glaunes2004diffeomorphic,
  title={Diffeomorphic matching of distributions: a new approach for unlabelled point-sets and sub-manifolds matching},
  author={Glaunes, Joan and Trouv{\'e}, Alain and Younes, Laurent},
  booktitle={Proceedings of the 2004 IEEE Computer Society Conference on Computer Vision and Pattern Recognition},
  volume={2},
  year={2004},
}


%%%%%%%%%%%%%%%%%%%%%%%%%%%%%%%%%%%%%%%% unbalanced %%%%%%%%%%%%%%%%%%%%%%%%%%%%%%%%%%%%%%%%


%%%% UNBALANCED OT %%%%%%

@article{LieroMielkeSavareShort,
  title={Optimal transport in competition with reaction: the {Hellinger--Kantorovich} distance and geodesic curves},
  author={Liero, Matthias and Mielke, Alexander and Savar{\'e}, Giuseppe},
  journal={SIAM Journal on Mathematical Analysis},
  volume={48},
  number={4},
  pages={2869--2911},
  year={2016},
  publisher={SIAM}
}

@Article{LieroMielkeSavareLong,
author="Liero, Matthias
and Mielke, Alexander
and Savar{\'e}, Giuseppe",
title="Optimal entropy-transport problems and a new Hellinger--Kantorovich distance between positive measures",
journal="Inventiones Mathematicae",
year="2018",
day="01",
volume="211",
number="3",
pages="969--1117",
}





@Article{2017-chizat-focm,
  title={An interpolating distance between optimal transport and {Fisher--Rao} metrics},
  author={Chizat, Lenaic and Peyr{\'e}, Gabriel and Schmitzer, Bernhard and Vialard, Fran{\c{c}}ois-Xavier},
  journal={Foundations of Computational Mathematics},
  volume = 18,
  number = 1,
  pages={1--44},
  year={2018},
  publisher={Springer}
}




@article{2015-chizat-unbalanced,
    title = "Unbalanced optimal transport: geometry and {Kantorovich} formulation",
  author={Chizat, Lenaic and Peyr{\'e}, Gabriel and Schmitzer, Bernhard and Vialard, Fran{\c{c}}ois-Xavier},
     journal = "Journal of Functional Analysis",
     volume = 274,
     number = 11,
     pages = "3090--3123",
     year = "2018",
}


@article{kondratyev2015,
  title={A new optimal transport distance on the space of finite {Radon} measures},
  author={Kondratyev, Stanislav and Monsaingeon, L{\'e}onard and Vofnikov, Dmitry},
  journal={Advances in Differential Equations},
  volume={21},
  number={11/12},
  pages={1117--1164},
  year={2016},
  publisher={Khayyam Publishing, Inc.}
}

@article{FigalliPartial,
  author={Figalli, Alessio},
	Journal = {Archive for Rational Mechanics and Analysis},
	Number = {2},
	Pages = {533--560},
	Publisher = {Springer},
	Title = {The optimal partial transport problem},
	Volume = {195},
	Year = {2010},}


@article{hanin1992kantorovich,
	 author={Hanin, Leonid G},
	Journal = {Proceedings of the American Mathematical Society},
	Number = {2},
	Pages = {345--352},
	Title = {{K}antorovich-{R}ubinstein norm and its application in the theory of {L}ipschitz spaces},
	Volume = {115},
	Year = {1992},
}


@article{benamou2003numerical,
	Author = {Benamou, Jean-David},
	Date-Added = {2015-04-20 08:55:45 +0000},
	Date-Modified = {2015-06-21 09:49:22 +0000},
	Journal = {ESAIM: Mathematical Modelling and Numerical Analysis},
	Keywords = {optimal transport},
	Number = {05},
	Pages = {851--868},
	Publisher = {Cambridge Univ Press},
	Title = {Numerical resolution of an ``unbalanced'' mass transport problem},
	Volume = {37},
	Year = {2003},
}


@article{piccoli2014generalized,
  author={Piccoli, Benedetto and Rossi, Francesco},
	Journal = {Archive for Rational Mechanics and Analysis},
	Number = {1},
	Pages = {335--358},
	Publisher = {Springer},
	Rating = {0},
	Read = {1},
	Title = {Generalized {W}asserstein distance and its application to transport equations with source},
	Volume = {211},
	Year = {2014},
}


@article{PerthameTumor,
year={2014},
journal={Archive for Rational Mechanics and Analysis},
volume={212},
number={1},
title={The {Hele-Shaw} asymptotics for mechanical models of tumor growth},
publisher={Springer},
  author={Perthame, Beno{\^\i}t and Quir{\'o}s, Fernando and V{\'a}zquez, Juan Luis},
pages={93--127},
}


% partial transport %



@article {CaffarelliMcCannPartial,
  author={Caffarelli, Luis A and McCann, Robert J},
     TITLE = {Free boundaries in optimal transport and {M}onge-{A}mp\`ere
              obstacle problems},
   JOURNAL = {Annals of Mathematics},
    VOLUME = {171},
      YEAR = {2010},
    NUMBER = {2},
     PAGES = {673--730},
     CODEN = {ANMAAH},
}



@article{Metamorphosis2005,
  author={Trouv{\'e}, Alain and Younes, Laurent},
	Journal = {Foundations of Computational Mathematics},
	Number = {2},
	Pages = {173--198},
	Publisher = {Springer-Verlag},
	Title = {Metamorphoses through {Lie} group action},
	Volume = {5},
	Year = {2005},}

@article{trouve2005local,
	Author = {Trouv{\'e}, Alain and Younes, Laurent},
	Date-Added = {2015-04-28 15:00:52 +0000},
	Date-Modified = {2015-04-28 15:00:52 +0000},
	Journal = {SIAM Journal on Mathematical Analysis},
	Number = {1},
	Pages = {17--59},
	Publisher = {SIAM},
	Title = {Local geometry of deformable templates},
	Volume = {37},
	Year = {2005}}



@article{maas2015generalized,
  title={A generalized model for optimal transport of images including dissipation and density modulation},
  author={Maas, Jan and Rumpf, Martin and Sch{\"o}nlieb, Carola and Simon, Stefan},
  journal={ESAIM: Mathematical Modelling and Numerical Analysis},
  volume={49},
  number={6},
  pages={1745--1769},
  year={2015},
  publisher={EDP Sciences}
}

@article{beg2005computing,
  title={Computing large deformation metric mappings via geodesic flows of diffeomorphisms},
  author={Beg, M Faisal and Miller, Michael I and Trouv{\'e}, Alain and Younes, Laurent},
  journal={International Journal of Computer Vision},
  volume={61},
  number={2},
  pages={139--157},
  year={2005},
  publisher={Springer}
}

@article{maas2016generalized,
  title={Generalized optimal transport with singular sources},
  author={Maas, Jan and Rumpf, Martin and Simon, Stefan},
  journal={arXiv preprint arXiv:1607.01186},
  year={2016}
}

@article{trouve2005metamorphoses,
  title={Metamorphoses through lie group action},
  author={Trouv{\'e}, Alain and Younes, Laurent},
  journal={Foundations of Computational Mathematics},
  volume={5},
  number={2},
  pages={173--198},
  year={2005},
  publisher={Springer}
}


%%%% Capacity constraint %%%

@article {km1,
  title={Optimal transportation with capacity constraints},
  author={Korman, Jonathan and McCann, Robert},
  journal={Transactions of the American Mathematical Society},
  volume={367},
  number={3},
  pages={1501--1521},
  year={2015}
}

%%%% Radon / SLICED

@Article{2013-Bonneel-barycenter,
  title={Sliced and {Radon} {Wasserstein} barycenters of measures},
  author={Bonneel, Nicolas and Rabin, Julien and Peyr{\'e}, Gabriel and Pfister, Hanspeter},
  journal={Journal of Mathematical Imaging and Vision},
  volume={51},
  number={1},
  pages={22--45},
  year={2015},
  publisher={Springer}
}


@article{AbrahamRadon,
  title={Tomographic reconstruction from a few views: a multi-marginal optimal transport approach},
  author={Abraham, Isabelle and Abraham, Romain and Bergounioux, Ma{\i}tine and Carlier, Guillaume},
  journal={Applied Mathematics \& Optimization},
  volume={75},
  number={1},
  pages={55--73},
  year={2017},
  publisher={Springer}
}


@book{HermanTomography,
  title={Image Reconstruction from Projections: the Fundamentals of Computerized Tomography},
  author={Gabor Herman},
  year={1980},
  publisher={Academic Press}
}

@Article{Klann11,
  title =	"A {Mumford-Shah}-like method for limited data tomography
		 with an application to electron tomography",
  author={Klann, Esther},
  journal =	"SIAM Journal Imaging Sciences",
  year = 	"2011",
  number =	"4",
  volume =	"4",
  pages =	"1029--1048",
}



%%%%% EConomy


@article {MR1817791,
    AUTHOR = {Carlier, Guillaume},
     TITLE = {A general existence result for the principal-agent problem
              with adverse selection},
   JOURNAL = {Journal of Mathematical Economics},
    VOLUME = {35},
      YEAR = {2001},
    NUMBER = {1},
     PAGES = {129--150},
     CODEN = {JMECDA},
}



@article {MR2564439,
  author={Chiappori, Pierre-Andr{\'e} and McCann, Robert J and Nesheim, Lars P},
     TITLE = {Hedonic price equilibria, stable matching, and optimal
              transport: equivalence, topology, and uniqueness},
   JOURNAL = {Economic Theory},
    VOLUME = {42},
      YEAR = {2010},
    NUMBER = {2},
     PAGES = {317--354},
}

%%% Generalized sinkhorn


@article{2016-chizat-sinkhorn,
    title = "Scaling algorithms for unbalanced transport problems",
  author={Chizat, Lenaic and Peyr{\'e}, Gabriel and Schmitzer, Bernhard and Vialard, Fran{\c{c}}ois-Xavier},
  	journal = { Mathematics of Computation },
    volume = 87,
    pages = "2563--2609",
    year = "2018",
}

@article{karlsson2016generalized,
  title={Generalized {Sinkhorn} iterations for regularizing inverse problems using optimal mass transport},
  author={Karlsson, Johan and Ringh, Axel},
  journal={arXiv preprint arXiv:1612.02273},
  year={2016}
}

%%% applis

@article{schiebinger2017reconstruction,
  title={Reconstruction of developmental landscapes by optimal-transport analysis of single-cell gene expression sheds light on cellular reprogramming.},
  author={Schiebinger, Geoffrey and Shu, Jian and Tabaka, Marcin and Cleary, Brian and Subramanian, Vidya and Solomon, Aryeh and Liu, Siyan and Lin, Stacie and Berube, Peter and Lee, Lia and others},
  journal={bioRxiv},
  pages={191056},
  year={2017},
  publisher={Cold Spring Harbor Laboratory}
}

%%%%%%%%%%%%%%%%%%%%%%%%%%%%%%%%%%%%%%%% w1.bib %%%%%%%%%%%%%%%%%%%%%%%%%%%%%%%%%%%%%%%%



%%% W1 transport %%%

% theory for W1

@book{sudakov1979geometric,
  title={Geometric Problems in the Theory of Infinite-dimensional Probability Distributions},
  author={Sudakov, Vladimir N},
  number={141},
  year={1979},
  publisher={American Mathematical Society}
}

@article{caffarelli2002constructing,
  title={Constructing optimal maps for {Monge's} transport problem as a limit of strictly convex costs},
  author={Caffarelli, Luis and Feldman, Mikhail and McCann, Robert},
  journal={Journal of the American Mathematical Society},
  volume={15},
  number={1},
  pages={1--26},
  year={2002}
}

@article{trudinger2001monge,
  title={On the Monge mass transfer problem},
  author={Trudinger, Neil S and Wang, Xu-Jia},
  journal={Calculus of Variations and Partial Differential Equations},
  volume={13},
  number={1},
  pages={19--31},
  year={2001},
  publisher={Springer}
}


% L1
@ARTICLE{TreeEMD2007,
  author={Ling, Haibin and Okada, Kazunori},
  title = {An efficient earth mover's distance algorithm for robust histogram comparison},
  journal = "IEEE Transactions on Pattern Analysis and Machine Intelligence",
  year = {2007},
  volume = {29},
  pages = {840--853},
  number = {5},
}

@ARTICLE{FeldmanMacCann02,
  author={Feldman, Mikhail and McCann, Robert},
  title = {Monge's transport problem on a {Riemannian} manifold},
  journal = "Transaction AMS",
  year = {2002},
  pages = "1667--1697",
  volume = {354},
  number = 4,
}

@ARTICLE{Beckmann52,
  author={Beckmann, Martin},
  title = {A continuous model of transportation},
  journal = "Econometrica",
  year = {1952},
  pages = "643--660",
  volume = {20},
}

@ARTICLE{SolomonEMDSurfaces2014,
  title = {Earth mover's distances on discrete surfaces},
  author={Solomon, Justin and Rustamov, Raif and Guibas, Leonidas and Butscher, Adrian},
  journal = "Transaction on Graphics",
  year = {2014},
  volume = {33},
  number = {4},
}

@MISC{SantambrogioLectureNotesDivergence,
  author = {Filippo Santambrogio},
  title = {Prescribed-divergence problems in optimal transportation},
  year = 2013,
  howpublished = {http://www.math.u-psud.fr/~santambr/teaching.html}
}

%%% Integral probability metrics %%%%

@inproceedings{gretton2007kernel,
  title={A kernel method for the two-sample-problem},
  author={Gretton, Arthur and Borgwardt, Karsten M and Rasch, Malte and Sch{\"o}lkopf, Bernhard and Smola, Alex J},
  booktitle={Advances in Neural Information Processing Systems},
  pages={513--520},
  year={2007}
}

@article{gretton2012kernel,
  title={A kernel two-sample test},
  author={Gretton, Arthur and Borgwardt, Karsten M and Rasch, Malte J and Sch{\"o}lkopf, Bernhard and Smola, Alexander},
  journal={Journal of Machine Learning Research},
  volume={13},
  number={Mar},
  pages={723--773},
  year={2012}
}


@article{muandet2017kernel,
  title={Kernel mean embedding of distributions: a review and beyond},
  author={Muandet, Krikamol and Fukumizu, Kenji and Sriperumbudur, Bharath and Sch{\"o}lkopf, Bernhard},
  journal={Foundations and Trends in Machine Learning},
  volume={10},
  number={1-2},
  pages={1--141},
  year={2017},
  publisher={Now Publishers, Inc.}
}


%%% energy distance %%%
@article{szekely2004testing,
  title={Testing for equal distributions in high dimension},
  author={Sz{\'e}kely, G{\'a}bor J and Rizzo, Maria L},
  journal={InterStat},
  volume={5},
  number={16.10},
  year={2004}
}

%%%% RKHS %%%%

@book{scholkopf2002learning,
  title={Learning with Kernels: Support Vector Machines, Regularization, Optimization, and Beyond},
  author={Sch{\"o}lkopf, Bernhard and Smola, Alexander J},
  year={2002},
  publisher={MIT Press}
}

%%%% phi-divergences %%%%

@article{gibbs2002choosing,
  title={On choosing and bounding probability metrics},
  author={Gibbs, Alison L and Su, Francis Edward},
  journal={International Statistical Review},
  volume={70},
  number={3},
  pages={419--435},
  year={2002},
  publisher={Wiley Online Library}
}

%%% Comparison W2 H^-1 ***

@article{peyre2011comparison,
  title={Comparison between $W_2$ distance and $H^{-1}$ norm, and localisation of {Wasserstein} distance},
  author={Peyre, R{\'e}mi},
  journal={arXiv preprint arXiv:1104.4631},
  year={2011}
}

@article{kantorovich1958space,
  title={On a space of totally additive functions},
  author={Kantorovich, LV and Rubinstein, G.S.},
  journal={Vestn Leningrad Universitet},
  volume={13},
  pages={52--59},
  year={1958}
}


%%%%%%%%%%%%%%%%%%%%%%%%%%%%%%%%%%%%%%%% wass-loss.bib %%%%%%%%%%%%%%%%%%%%%%%%%%%%%%%%%%%%%%%%


%%% Wasserstein Loss %%%

@inproceedings{2017-feydy-miccai,
  year = { 2017 },
  booktitle = { Proceedings of MICCAI'17 },
  author = { Jean Feydy and Benjamin Charlier and Francois-Xavier Vialard and Gabriel Peyr{\'e} },
  title = { Optimal transport for diffeomorphic registration },
  pages = "291--299", 
  organization="Springer"
}


% using mmd for current
@inproceedings{vaillant2005surface,
  title={Surface matching via currents},
  author={Vaillant, Marc and Glaun{\`e}s, Joan},
  booktitle={Information Processing in Medical Imaging},
  pages={1--5},
  year={2005},
  organization={Springer}
}

@inproceedings{grave2018unsupervised,
  title={Unsupervised Alignment of Embeddings with Wasserstein Procrustes},
  author={Grave, Edouard and Joulin, Armand and Berthet, Quentin},
  booktitle ={Proceedings of the 22th International Conference on Artificial Intelligence and Statistics},
  year={2019}
}

@article{alvarez2018towards,
  title={Towards Optimal Transport with Global Invariances},
  author={Alvarez-Melis, David and Jegelka, Stefanie and Jaakkola, Tommi S},
  booktitle ={Proceedings of the 22th International Conference on Artificial Intelligence and Statistics},
  year={2019}
}

@Article{2016-bonneel-barycoord,
    title = "Wasserstein barycentric coordinates: histogram regression using optimal transport",
    author = "Nicolas Bonneel and Gabriel Peyr{\'e} and Marco Cuturi",
	journal = "ACM Transactions on Graphics",
    volume  = "35",
    number = 4,
 	pages = {71:1--71:10},
     year = "2016",
}

@incollection{NIPS2018_8226,
title = {Generalizing Point Embeddings using the Wasserstein Space of Elliptical Distributions},
author = {Muzellec, Boris and Cuturi, Marco},
booktitle = {Advances in Neural Information Processing Systems 31},
editor = {S. Bengio and H. Wallach and H. Larochelle and K. Grauman and N. Cesa-Bianchi and R. Garnett},
pages = {10258--10269},
year = {2018}
}


@InProceedings{pmlr-v51-rolet16,
  title = 	 {Fast dictionary learning with a smoothed {Wasserstein} loss},
  author = 	 {Antoine Rolet and Marco Cuturi and Gabriel Peyr{\'e}},
  booktitle = 	 {Proceedings of the 19th International Conference on Artificial Intelligence and Statistics},
  pages = 	 {630--638},
  year = 	 {2016},
  volume = 	 {51},
  series = 	 {Proceedings of Machine Learning Research}
}

@article{Sandler09,
  title={Nonnegative matrix factorization with earth mover's distance metric for image analysis},
  author={Sandler, Roman and Lindenbaum, Michael},
  journal={IEEE Transactions on Pattern Analysis and Machine Intelligence},
  volume={33},
  number={8},
  pages={1590--1602},
  year={2011},
  publisher={IEEE}
}

@article{metivier2016optimal,
  title={An optimal transport approach for seismic tomography: Application to {3D} full waveform inversion},
  author={M{\'e}tivier, Ludovic and Brossier, Romain and Merigot, Quentin and Oudet, Edouard and Virieux, Jean},
  journal={Inverse Problems},
  volume={32},
  number={11},
  pages={115008},
  year={2016},
  publisher={IOP Publishing}
}

%%% MKE %%%

@incollection{CuturiBoltzman,
title = {Wasserstein training of restricted {Boltzmann} machines},
author = {Montavon, Gr\'{e}goire and M\"{u}ller, Klaus-Robert and Cuturi, Marco},
booktitle = {Advances in Neural Information Processing Systems 29},
editor = {D. D. Lee and M. Sugiyama and U. V. Luxburg and I. Guyon and R. Garnett},
pages = {3718--3726},
year = {2016},

}

@article{bernton2017inference,
  title={Inference in generative models using the {Wasserstein} distance},
  author={Bernton, Espen and Jacob, Pierre E and Gerber, Mathieu and Robert, Christian P},
  journal={arXiv preprint arXiv:1701.05146},
  year={2017}
}

@article{bassetti2006minimum,
  title={On minimum Kantorovich distance estimators},
  author={Bassetti, Federico and Bodini, Antonella and Regazzini, Eugenio},
  journal={Statistics \& Probability Letters},
  volume={76},
  number={12},
  pages={1298--1302},
  year={2006},
  publisher={Elsevier}
}

@inproceedings{GramfortPC15,
  author    = {Alexandre Gramfort and
               Gabriel Peyr{\'{e}} and
               Marco Cuturi},
  title     = {Fast Optimal Transport Averaging of Neuroimaging Data},
  booktitle = {Information Processing in Medical Imaging - 24th International Conference,
               {IPMI} 2015},
  pages     = {261--272},
  year      = {2015},
}

@incollection{CanasRosasco,
title = {Learning probability measures with respect to optimal transport metrics},
author = {Guillermo Canas and Rosasco, Lorenzo},
booktitle = {Advances in Neural Information Processing Systems 25},
editor = {F. Pereira and C. J. C. Burges and L. Bottou and K. Q. Weinberger},
pages = {2492--2500},
year = {2012},
}

@inproceedings{2017-Genevay-AutoDiff,
  author = { Aude Genevay and Gabriel Peyr{\'e} and Marco Cuturi },
  title = {Learning generative models with {Sinkhorn} divergences},
  booktitle = 	 {Proceedings of the 21st International Conference on Artificial Intelligence and Statistics},
  pages = "1608--1617",
  year={2018}
}

@inproceedings{salimans2018improving,
title={Improving {GAN}s Using Optimal Transport},
author={Tim Salimans and Han Zhang and Alec Radford and Dimitris Metaxas},
booktitle={International Conference on Learning Representations},
year={2018}
}


@article{Bousquet2017,
  year = { 2017 },
  journal = { arXiv preprint arXiv:1705.07642 },
  author = { Olivier Bousquet and Sylvain Gelly and Ilya Tolstikhin and Carl-Johann Simon-Gabriel and Bernhard Schoelkopf },
  title = { From optimal transport to generative modeling: the {VEGAN} cookbook },
}

@article{2017-Genevay-gan-vae,
  year = { 2017 },
  number = { arXiv preprint arXiv:1706.01807 },
  author = { Aude Genevay and Gabriel Peyr{\'e} and Marco Cuturi },
  title = { {GAN} and {VAE} from an optimal transport point of view },
}

%%% First reference of backpropagation of Sinkhorn

@article{adams2011ranking,
  title={Ranking via Sinkhorn propagation},
  author={Adams, Ryan Prescott and Zemel, Richard S},
  journal={arXiv preprint arXiv:1106.1925},
  year={2011}
}

%% Neural Networks

@inproceedings{GAN,
  title={Generative adversarial nets},
  author={Goodfellow, Ian and Pouget-Abadie, Jean and Mirza, Mehdi and Xu, Bing and Warde-Farley, David and Ozair, Sherjil and Courville, Aaron and Bengio, Yoshua},
  booktitle={Advances in Neural Information Processing Systems},
  pages={2672--2680},
  year={2014}
}

@article{VAE,
  title={Auto-encoding variational bayes},
  author={Kingma, Diederik P and Welling, Max},
  journal={arXiv preprint arXiv:1312.6114},
  year={2013}
}


@article{WassersteinGAN,
  title = 	 {{W}asserstein generative adversarial networks},
  author = 	 {Martin Arjovsky and Soumith Chintala and L{\'e}on Bottou},
  journal = 	 {Proceedings of the 34th International Conference on Machine Learning},
  pages = 	 {214--223},
  year = 	 {2017},
  editor = 	 {Doina Precup and Yee Whye Teh},
  volume = 	 {70},
  series = 	 {Proceedings of Machine Learning Research}
}


@inproceedings{li2015generative,
  title={Generative moment matching networks},
  author={Li, Yujia and Swersky, Kevin and Zemel, Rich},
  booktitle={Proceedings of the 32nd International Conference on Machine Learning},
  pages={1718--1727},
  year={2015}
}

@inproceedings{MMD-GAN,
  title={Training generative neural networks via maximum mean discrepancy optimization},
  author={Dziugaite, Gintare Karolina and Roy, Daniel M and Ghahramani, Zoubin},
  booktitle={Uncertainty in Artificial Intelligence-Proceedings of the 31st Conference, UAI 2015},
  pages={258--267},
  year={2015}
}

%%%% Sample complexity %%%%

% for W_1, rate depends on the covering number of the support of ?
@article{dudley1969speed,
  title={The speed of mean {Glivenko-Cantelli} convergence},
  author={Richard M. Dudley},
  journal={Annals of Mathematical Statistics},
  volume={40},
  number={1},
  pages={40--50},
  year={1969},
  publisher={JSTOR}
}


% in R^d
@article{fournier2015rate,
  title={On the rate of convergence in {Wasserstein} distance of the empirical measure},
  author={Fournier, Nicolas and Guillin, Arnaud},
  journal={Probability Theory and Related Fields},
  volume={162},
  number={3-4},
  pages={707--738},
  year={2015},
  publisher={Springer}
}

% in R^d, tight
@inproceedings{dereich2013constructive,
  title={Constructive quantization: Approximation by empirical measures},
  author={Dereich, Steffen and Scheutzow, Michael and Schottstedt, Reik},
  booktitle={Annales de l'Institut Henri Poincar{\'e}, Probabilit{\'e}s et Statistiques},
  volume={49},
  number={4},
  pages={1183--1203},
  year={2013},
}

@article{sriperumbudur2012empirical,
  title={On the empirical estimation of integral probability metrics},
  author={Sriperumbudur, Bharath K and Fukumizu, Kenji and Gretton, Arthur and Sch{\"o}lkopf, Bernhard and Lanckriet, Gert RG},
  journal={Electronic Journal of Statistics},
  volume={6},
  pages={1550--1599},
  year={2012},
  publisher={The Institute of Mathematical Statistics and the Bernoulli Society}
}

@article{weed2017sharp,
  title={Sharp asymptotic and finite-sample rates of convergence of empirical measures in {Wasserstein} distance},
  author={Weed, Jonathan and Bach, Francis},
  journal={arXiv preprint arXiv:1707.00087},
  year={2017}
}


% Asymptotics for transportation cost in high dimensions

% concentration
@article{bolley2007quantitative,
  title={Quantitative concentration inequalities for empirical measures on non-compact spaces},
  author={Bolley, Fran{\c{c}}ois and Guillin, Arnaud and Villani, C{\'e}dric},
  journal={Probability Theory and Related Fields},
  volume={137},
  number={3},
  pages={541--593},
  year={2007},
  publisher={Springer}
}
 @article{boissard2011simple,
  title={Simple bounds for the convergence of empirical and occupation measures in {1-Wasserstein} distance},
  author={Boissard, Emmanuel},
  journal={Electronic Journal of Probability},
  volume={16},
  pages={2296--2333},
  year={2011},
  publisher={The Institute of Mathematical Statistics and the Bernoulli Society}
}


% early appearance of learning with Sinkhorn loss

@article{gold1998new,
  title={New algorithms for 2D and 3D point matching: pose estimation and correspondence},
  author={Gold, Steven and Rangarajan, Anand and Lu, Chien-Ping and Pappu, Suguna and Mjolsness, Eric},
  journal={Pattern Recognition},
  volume={31},
  number={8},
  pages={1019--1031},
  year={1998},
  publisher={Elsevier}
}

@inproceedings{chui2000new,
  title={A new algorithm for non-rigid point matching},
  author={Chui, Haili and Rangarajan, Anand},
  booktitle={Computer Vision and Pattern Recognition, 2000. Proceedings. IEEE Conference on},
  volume={2},
  pages={44--51},
  year={2000},
  organization={IEEE}
}

@article{myronenko2010point,
  title={Point set registration: coherent point drift},
  author={Myronenko, Andriy and Song, Xubo},
  journal={IEEE Transactions on Pattern Analysis and Machine Intelligence},
  volume={32},
  number={12},
  pages={2262--2275},
  year={2010},
  publisher={IEEE}
}
%

@incollection{NIPS2018_8067,
title = {Wasserstein Distributionally Robust Kalman Filtering},
author = {Shafieezadeh Abadeh, Soroosh and Nguyen, Viet Anh and Kuhn, Daniel and Mohajerin Esfahani, Peyman Mohajerin},
booktitle = {Advances in Neural Information Processing Systems 31},
editor = {S. Bengio and H. Wallach and H. Larochelle and K. Grauman and N. Cesa-Bianchi and R. Garnett},
pages = {8483--8492},
year = {2018}
}

% Bures Hilbert
@incollection{NIPS2017_7149,
title = {Learning from uncertain curves: The 2-Wasserstein metric for Gaussian processes},
author = {Mallasto, Anton and Feragen, Aasa},
booktitle = {Advances in Neural Information Processing Systems 30},
editor = {I. Guyon and U. V. Luxburg and S. Bengio and H. Wallach and R. Fergus and S. Vishwanathan and R. Garnett},
pages = {5660--5670},
year = {2017}
}

% W bary
@incollection{NIPS2018_8274,
title = {Decentralize and Randomize: Faster Algorithm for Wasserstein Barycenters},
author = {Dvurechenskii, Pavel and Dvinskikh, Darina and Gasnikov, Alexander and Uribe, Cesar and Nedich, Angelia},
booktitle = {Advances in Neural Information Processing Systems 31},
editor = {S. Bengio and H. Wallach and H. Larochelle and K. Grauman and N. Cesa-Bianchi and R. Garnett},
pages = {10783--10793},
year = {2018}
}

@incollection{NIPS2017_6858,
title = {Parallel Streaming Wasserstein Barycenters},
author = {Staib, Matthew and Claici, Sebastian and Solomon, Justin M and Jegelka, Stefanie},
booktitle = {Advances in Neural Information Processing Systems 30},
editor = {I. Guyon and U. V. Luxburg and S. Bengio and H. Wallach and R. Fergus and S. Vishwanathan and R. Garnett},
pages = {2647--2658},
year = {2017}
}

@InProceedings{pmlr-v80-dvurechensky18a,
  title = 	 {Computational Optimal Transport: Complexity by Accelerated Gradient Descent Is Better Than by Sinkhorn's Algorithm},
  author = 	 {Dvurechensky, Pavel and Gasnikov, Alexander and Kroshnin, Alexey},
  booktitle = 	 {Proceedings of the 35th International Conference on Machine Learning},
  pages = 	 {1367--1376},
  year = 	 {2018},
  editor = 	 {Dy, Jennifer and Krause, Andreas},
  volume = 	 {80},
  series = 	 {Proceedings of Machine Learning Research},
  month = 	 {10--15 Jul},
  publisher = 	 {PMLR}
}




% add some of this? W Robust
%
@incollection{NIPS2018_7534,
title = {Minimax Statistical Learning with Wasserstein distances},
author = {Lee, Jaeho and Raginsky, Maxim},
booktitle = {Advances in Neural Information Processing Systems 31},
editor = {S. Bengio and H. Wallach and H. Larochelle and K. Grauman and N. Cesa-Bianchi and R. Garnett},
pages = {2692--2701},
year = {2018}
}

@article{esfahani2018data,
  title={Data-driven distributionally robust optimization using the Wasserstein metric: Performance guarantees and tractable reformulations},
  author={Esfahani, Peyman Mohajerin and Kuhn, Daniel},
  journal={Mathematical Programming},
  volume={171},
  number={1-2},
  pages={115--166},
  year={2018},
  publisher={Springer}
}

@incollection{NIPS2015_5745,
title = {Distributionally Robust Logistic Regression},
author = {Shafieezadeh Abadeh, Soroosh and Mohajerin Esfahani, Peyman Mohajerin and Kuhn, Daniel},
booktitle = {Advances in Neural Information Processing Systems 28},
editor = {C. Cortes and N. D. Lawrence and D. D. Lee and M. Sugiyama and R. Garnett},
pages = {1576--1584},
year = {2015}
}


@incollection{NIPS2018_8015,
title = {Robust Hypothesis Testing Using Wasserstein Uncertainty Sets},
author = {GAO, RUI and Xie, Liyan and Xie, Yao and Xu, Huan},
booktitle = {Advances in Neural Information Processing Systems 31},
editor = {S. Bengio and H. Wallach and H. Larochelle and K. Grauman and N. Cesa-Bianchi and R. Garnett},
pages = {7913--7923},
year = {2018}
}
% Langevin
@inproceedings{pmlr-v65-dalalyan17a,
  publisher = { PMLR },
  month = { 07--10 Jul },
  series = { Proceedings of Machine Learning Research },
  volume = { 65 },
  year = { 2017 },
  pages = { 678--689 },
  booktitle = { Proceedings of the 2017 Conference on Learning Theory },
  author = { Arnak Dalalyan },
  title = { Further and stronger analogy between sampling and optimization: Langevin Monte Carlo and gradient descent}
}


@InProceedings{pmlr-v75-bernton18a,
  title = 	 {{L}angevin {M}onte {C}arlo and {JKO} splitting},
  author = 	 {Bernton, Espen},
  booktitle = 	 {Proceedings of the 31st  Conference On Learning Theory},
  pages = 	 {1777--1798},
  year = 	 {2018},
  editor = 	 {Bubeck, S\'ebastien and Perchet, Vianney and Rigollet, Philippe},
  volume = 	 {75},
  series = 	 {Proceedings of Machine Learning Research},
  month = 	 {06--09 Jul},
  publisher = 	 {PMLR}
}



% PDE

@article{froese2011convergent,
  title={Convergent finite difference solvers for viscosity solutions of the elliptic Monge--Amp{\`e}re equation in dimensions two and higher},
  author={Froese, Brittany D and Oberman, Adam M},
  journal={SIAM Journal on Numerical Analysis},
  volume={49},
  number={4},
  pages={1692--1714},
  year={2011},
  publisher={SIAM}
}

@article{sulman2011efficient,
  title={An efficient approach for the numerical solution of the Monge--Amp{\`e}re equation},
  author={Sulman, Mohamed M and Williams, JF and Russell, Robert D},
  journal={Applied Numerical Mathematics},
  volume={61},
  number={3},
  pages={298--307},
  year={2011},
  publisher={Elsevier}
}