@BOOK(mt,
     author="Rached Mneimn\'e and Fr\'ed\'eric Testard",
     title="Introduction à la th\'eorie des groupes de Lie classiques",
     publisher="Hermann",
     year="1997"
)
@BOOK(ferrand,
     author="Ferrand",
     title="Polycopi\'e de M.Ferrand",
     publisher="Universit\'e de Rennes 1",
     year="2001"
)

@BOOK(mneimne,
     author="Rached Mneimn\'e",
     title="El\'ements de g\'eom\'etrie",
     publisher="Cassini",
     year="1997"
)
@BOOK(goblot-alg,
     author="R\'emi Goblot",
     title="Algèbre commutative",
     publisher="Masson",
     year="1995"
)
@BOOK(goblot-alglin,
     author="R\'emi Goblot",
     title="Algèbre lin\'eaire",
     publisher="Masson",
     year="1995"
)
@BOOK(gourdon-algebre,
     author="X. Gourdon",
     title="Les maths en tête, algèbre",
     publisher="Ellipses",
     year="1994"
)
@BOOK(gantmacher,
     author="F.R. Gantmacher",
     title="Th\'eorie des matrices, T2",
     publisher="Dunod",
     year="1966"
)
@BOOK(ramis-1,
     author="Ramis and Deschamps and Odoux",
     title="Tome 1 : algèbre",
     publisher="Masson",
     year="1979"
)
@BOOK(ramis-2,
     author="Ramis and Deschamps and Odoux",
     title="Tome 2 : algèbre et applications à la g\'eom\'etrie",
     publisher="Masson",
     year="1979"
)
@BOOK(ramis-3,
     author="Ramis and Deschamps and Odoux",
     title="Tome 3 : topologie et \'el\'ements d'analyse",
     publisher="Masson",
     year="1979"
)
@BOOK(tauvel,
     author="Patrice Tauvel",
     title="Math\'ematiques g\'en\'erales pour l'agr\'egation",
     publisher="Masson",
     year="1997"
)
@BOOK(laville,
     author="Guy Laville",
     title="G\'eom\'etrie pour le CAPES et l'agr\'egation",
     publisher="Ellipses",
     year="1998"
)
@BOOK(perrin,
     author="Daniel Perrin",
     title="Cours d'algèbre",
     publisher="Ellipses",
     year="1996"
)
@BOOK(dubreil,
     author="Dubreil",
     title="Leçons sur la th\'eorie des treillis des structures alg\'ebriques ordonn\'ees et des treillis g\'eom\'etriques",
     publisher="Gauthier-Villars",
     year="1953"
)
@BOOK(mignotte,
     author="Maurice Mignotte",
     title="Math\'ematiques pour le calcul formel",
     publisher="PUF",
     year="1989"
)
@BOOK(demazure,
     author="Michel Demazure",
     title="Cours d'algèbre. Primalit\'e, divisibilit\'e, codes.",
     publisher="Cassini",
     year="1997"
)
@BOOK(arnaudies-bertin,
     author="Arnaudies and Bertin",
     title="Groupes, algèbres, et g\'eom\'etrie, Tome 1",
     publisher="Ellipses",
     year="1993"
)
@BOOK(warusfel,
     author="Andr\'e Warusfel",
     title="Structures alg\'ebriques finies",
     publisher="Hachette",
     year="1971"
)
@BOOK(artin,
     author="Michael Artin",
     title="Algebra",
     publisher="Prentice Hall",
     year="1991"
)
@BOOK(zisman,
     author="Michel Zisman",
     title="Math\'ematiques pour l'agr\'egation",
     publisher="Dunod",
     year="1996"
)
@BOOK(bouvier,
     author="Alain Bouvier and Denis Richard",
     title="Groupes. Observation, th\'eorie, pratique",
     publisher="Hermann",
     year="1974"
)
@BOOK(gozard,
     author="Gozard",
     title="Th\'eorie de Galois",
     publisher="Ellipses",
     year="1997"
)
@BOOK(vidonne,
     author="Romain Vidonne",
     title="Groupe circulaire, rotations et quaternions",
     publisher="Ellipses",
     year="2001"
)
@BOOK(lang,
     author="Serge Lang",
     title="Algebra",
     publisher="Addison-Wesley",
     year="1965"
)
@BOOK(perrin-geo-alg,
     author="Daniel Perrin",
     title="G\'eom\'etrie alg\'ebrique. Une introduction.",
     publisher="Inter Editions",
     year="1995"
)
@BOOK(cox,
     author="David Cox and John Little and Donald O'Shea",
     title="Ideals, Varieties, and Algorithms: An Introduction to Algebraic Geometry and Commutative Algebra, 2nd ed.",
     publisher="Springer Verlag",
     year="1996"
)
@BOOK(cox-ams,
     author="David A. Cox and Bernd Sturmfels",
     title="Applications of computational algebraic geometry",
     publisher="American Mathematical Society",
     year="1997"
)
@BOOK(kreuzer,
     author="Martin Kreuzer and Lorenzo Robbiano",
     title="Computational commutative algebra, 1",
     publisher="Springer Verlag",
     year="2000"
)
@BOOK(serre,
     author="Jean-Pierre Serre",
     title="Cours d'arithm\'etique",
     publisher="PUF",
     year="1970"
)
@BOOK(samuel,
     author="Pierre Samuel",
     title="Th\'eorie des nombres",
     publisher="Hermann",
     year="1967"
)
@BOOK(descombes,
     author="Roger Descombes",
     title="Elements de th\'eorie des nombres",
     publisher="PUF",
     year="1986"
)
@BOOK(tenenbaum-qs,
     author="Gerald Tenenbaum and Michel Mendès France",
     title="Que sais-je ? Les nombres premiers",
     publisher="PUF",
     year="1997"
)
@BOOK(cormen,
     author="Thomas Cormen and Charles Leiserson and Ronald Rivest",
     title="Introduction à l'algorithmique",
     publisher="Dunod",
     year="1992"
)
@BOOK(froidevaux,
     author="Christine Froidevaux and Marie-Claude Gaudel and Michèle Soria",
     title="Types de donn\'ees et algorithmes",
     publisher="Ediscience international",
     year="1990"
)
@BOOK(knuth-2,
     author="Donald E. Knuth",
     title="The Art of Computer Programming, Volume 2, Seminumerical Algorithms",
     publisher="Addison-Wesley",
     year="1997"
)
@BOOK(knuth-concrete,
     author="Ronald L. Graham and Donald E. Knuth and Oren Patashnik",
     title="Concrete Mathematics",
     publisher="Addison-Wesley",
     year="1994"
)
@BOOK(generatingfunctionology,
     author="Herbert S. Wilf",
     title="Generatingfunctionology",
     url="http://www.math.upenn.edu/~wilf/DownldGF.html",
     publisher="Academic Press",
     year="1990"
)
@BOOK(cohen-computational,
     author="Henri Cohen",
     title="A course in computational algebraic number theory",
     publisher="Springer Verlag",
     year="1991"
)
@BOOK(weyl-symetrie,
     author="H Weyl",
     title="Sym\'etrie et math\'ematique moderne",
     publisher="Flammarion",
     year="1964"
)
@BOOK(audin,
     author="Michèle Audin",
     title="G\'eom\'etrie pour l'agr\'egation",
     publisher="Belin",
     year="1998"
)
@BOOK(goblot-th-geo,
     author="Goblot",
     title="Thèmes de g\'eom\'etrie",
     publisher="Masson",
     year="1995"
)
@BOOK(berger-1,
     author="Marcel Berger",
     title="G\'eom\'etrie, Tome 1",
     publisher="CEDIC/Fernand Nathan",
     year="1977"
)
@BOOK(berger-3,
     author="Marcel Berger",
     title="G\'eom\'etrie, Tome 3",
     publisher="CEDIC/Fernand Nathan",
     year="1977"
)
@BOOK(sidler,
     author="Jean Claude Sidler",
     title="G\'eom\'etrie projective. Cours, exercices et problèmes corrig\'es",
     publisher="Dunod",
     year="1998"
)
@BOOK(lehman,
     author="Daniel Lehman and Rudolphe Bkouche",
     title="Initiation à la g\'eom\'etrie",
     publisher="PUF",
     year="1988"
)
@BOOK(samuel-projectif,
     author="Pierre Samuel",
     title="G\'eom\'etrie projective",
     publisher="PUF",
     year="1986"
)
@BOOK(alessandri,
     author="Alessandri",
     title="Thèmes de g\'eom\'etrie",
     publisher="Masson",
     year="1999"
)
@BOOK(serre-representation,
     author="Jean-Pierre Serre",
     title="Representations lineaires des groupes finis",
     publisher="Hermann",
     year="1966"
)
@BOOK(fulton,
     author="William Fulton and Joe Harris",
     title="Representation theory : a first course",
     publisher="Springer Verlag",
     year="1991"
)
@BOOK(goodman,
     author="Roe Goodman and Nolan R. Wallach",
     title="Representations and invariants of the classical groups",
     publisher="Cambridge University Press",
     year="1999"
)
@BOOK(alperin,
     author="Jonathan L. Alperin and Rowen B. Bell",
     title="Groups and representations",
     publisher="Springer Verlag",
     year="1995"
)
@BOOK(collins,
     author="Michael J. Collins",
     title="Representations and characters of finite groups",
     publisher="Cambridge University Press",
     year="1990"
)
@ARTICLE(lam-representation-ams-part1,
     author="Tsit Yuen Lam",
     title="Representations of Finite Groups: A Hundred Years, Part {I}",
     journal="Notices of the AMS",
     volume="45",
     number="3",
     pages="368--372",
     year="1998"
)
@ARTICLE(lam-representation-ams-part2,
     author="Tsit Yuen Lam",
     title="Representations of Finite Groups: A Hundred Years, Part {II}",
     journal="Notices of the AMS",
     volume="45",
     number="4",
     pages="465--474",
     year="1998"
)
@BOOK(jansen,
     author="L. Jansen and M. Bloom",
     title="Theory of finite groups. Applications in physics.",
     publisher="North-Holland",
     year="1967"
)
@BOOK(terras,
     author="Audrey Terras",
     title="Fourier analysis on finite groups and applications",
     publisher="London Mathematical Society",
     year="1999"
)
@BOOK(chung-spectral,
     author="Fan R. K. Chung",
     title="Spectral Graph Theory",
     publisher="CBMS Regional Conf. Ser. Math, AMS",
     year="1997"
)
@ARTICLE(bernardini-orthogonalisation-1,
     author="Riccardo Bernardini and Jelena Kovacevic",
     title="Designing local orthogonal bases on finite groups {I}: abelian case",
     journal="Journal of Fourier Analysis and Applications",
     volume="6",
     number="1",
     pages="1--23",
     year="2000"
)
@ARTICLE(bernardini-orthogonalisation-2,
     author="Riccardo Bernardini and Jelena Kovacevic",
     title="Designing local orthogonal bases on finite groups 2: non abelian cas",
     journal="Journal of Fourier Analysis and Applications",
     volume="6",
     number="2",
     pages="207--231",
     year="1999"
)
@BOOK(peyre-algebre-fourier-discrete,
     author="Gabriel Peyr\'e",
     title="L'algèbre discrète de la tranform\'ee de {F}ourier",
     url="http://nikopol0.alrj.org/livre/",
     year="2003"
)
@BOOK(diaconis-representations-statistics,
     author="Persi Diaconis",
     title="Group Representations in Probability and Statistics",
     publisher="IMS Lecture Series 11, Institute of Mathematical Statistics, Hayward, California",
     year="1988"
)
@ARTICLE(rockmore-generalized,
     author="David K. Malsen and Daniel N. Rockmore",
     title="Generalized {FFT}s - a survey of some recent results",
     journal="Proc. 1995 DIMACS Workshop in Groups and Computation",
     volume="28",
     pages="183--238",
     url="http://citeseer.nj.nec.com/maslen95generalized.html",
     year="1995"
)
@ARTICLE(rockmore-fft,
     author="Daniel N. Rockemore",
     title="The {FFT} - an algorithm the whole family can use",
     journal="Computing in Science and Engineering",
     volume="2",
     number="1",
     pages="60--64",
     year="2000"
)
@ARTICLE(babai-fourier-equations,
     author="Laszlo Babai",
     title="The {F}ourier transform and equations over finite abelian groups",
     journal="Technical Report, TR-2001-01",
     year="1989"
)
@ARTICLE(donoho-stark-uncertainty,
     author="David L. Donoho and Philip B. Stark",
     title="Uncertainty Principles and Signal Recovery",
     journal="SIAM Journal of Applied Mathematics",
     volume="49",
     pages="906--931",
     year="1989"
)

@ARTICLE{smatusiak-donoho-stark,
  title={The Donoho-Stark uncertainty principle for a finite abelian group.},
  author={Matusiak, Ewa and {\"O}zaydin, Murad and Przebinda, Tomasz},
  journal={Acta Mathematica Universitatis Comenianae. New Series},
  volume={73},
  number={2},
  pages={155--160},
  year={2004},
  publisher={Comenius University Press}
}

@BOOK(papini,
     author="Odile Papini and Jacques Wolfman",
     title="Algèbre discrète et codes correcteurs",
     publisher="Springer Verlag",
     year="1995"
)
@BOOK(poli,
     author="A. Poli and LI Huguet",
     title="Codes correcteurs, th\'eorie et applications",
     publisher="Masson",
     year="1989"
)
@BOOK(langevin,
     author="Philippe Langevin",
     title="Les sommes de caractères et la formule de {P}oisson dans la th\'eorie des codes, des s\'equences et des fonctions bool\'eennes",
     publisher="Universit\'e de Toulon",
     year="1999"
)
@ARTICLE(liebovitch,
     author="Larry S. Liebovitch and Yi Tao and Angelo T. Todorov and Leo Levine",
     title="Is There an Error Correcting Code in the Base Sequence in {DNA} ?",
     journal="Biopphysical Journal",
     volume="71:1539-1544",
     year="1996"
)
@BOOK(macwilliams-codes-correcteurs-1,
     author="Jessie MacWilliams and Neil Sloane",
     title="The theory of error-correcting codes, Part {I}",
     publisher="North-Holland",
     year="1977"
)
@BOOK(macwilliams-codes-correcteurs-2,
     author="F.J. MacWilliams and N.J.A. Sloane",
     title="The theory of error-correcting codes, Part {II}",
     publisher="North-Holland",
     year="1977"
)
@ARTICLE(elkies-ams-1,
     author="Noam D. Elkies",
     title="Lattices, Linear Codes, and Invariants, Part {I}",
     journal="Notices of the AMS",
     volume="47",
     number="10",
     pages="1238--1245",
     year="2002"
)
@ARTICLE(elkies-ams-2,
     author="Noam D. Elkies",
     title="Lattices, Linear Codes, and Invariants, Part {II}",
     journal="Notices of the AMS",
     volume="47",
     number="11",
     pages="1382--1391",
     year="2002"
)
@BOOK(lidl,
     author="Rudolf Lidl and Harald Niederreiter",
     title="Finite fields",
     publisher="Cambridge University Press",
     year="1983"
)
@BOOK(lemmermeyer,
     author="Lemmermeyer Franz",
     title="Reciprocity Laws : From Euler to Eisenstein",
     publisher="Springer Verlag",
     year="2000"
)
@ARTICLE(laubenbacher,
     author="Reinhard C. Laubenbacher",
     title="Eisenstein misunderstood geometric proof of the quadratique reciprocity theorem",
     journal="College Mathematics Journal",
     volume="25",
     pages="29--34",
     url="http://math.nmsu.edu/~history/eisenstein.ps",
     year="1994"
)
@BOOK(carrega,
     author="Jean Claude Carrega",
     title="Th\'eorie des corps. La règle et le compas",
     publisher="Hermann",
     year="1989"
)
@BOOK(moisan,
     author="Jacques Moisan and Andr\'e Vernotte",
     title="Topologie et s\'eries",
     publisher="Ellipses",
     year="1991"
)
@BOOK(gourdon-analyse,
     author="X. Gourdon",
     title="Les maths en tête, analyse",
     publisher="Ellipses",
     year="1994"
)
@BOOK(cartan-holo,
     author="Henri Cartan",
     title="Th\'eorie \'el\'ementaire des fonctions d'une variable complexe",
     publisher="Hermann",
     year="1961"
)
@BOOK(cartan-cdif,
     author="Cartan",
     title="Calcul diff\'erentiel",
     publisher="Hermann",
     year="1997"
)
@BOOK(zq,
     author="Zuily and Queffelec",
     title="El\'ements d'analyse pour l'agr\'egation",
     publisher="Masson",
     year="1995"
)
@BOOK(rudin,
     author="Walter Rudin",
     title="Analyse r\'eelle et complexe",
     publisher="Dunod",
     year="1987"
)
@BOOK(dym,
     author="Harry Dym and Henry Mc Keam",
     title="Fourier series and integrals",
     publisher="Academic press",
     year="1972"
)
@BOOK(kahane-fourier,
     author="Jean-Pierre Kahane and Pierre Gilles Lemari\'e-Rieusset",
     title="S\'eries de {F}ourier et ondelettes",
     publisher="Cassini",
     year="1998"
)
@BOOK(strang-applied,
     author="Gilbert Strang",
     title="Introduction to Applied Mathematics",
     publisher="Wellesley-Cambridge Press",
     year="1986"
)
@BOOK(hirsh,
     author="Morris W. Hirsh and Stephen Smale",
     title="Differential equations, dynamical systems and linear algebra",
     publisher="Academic press",
     year="1990"
)
@BOOK(brezis,
     author="Haïm Brezis",
     title="Analyse fonctionnelle",
     publisher="Dunod",
     year="1983"
)
@BOOK(pommelet,
     author="Pommelet",
     title="Cours d'analyse",
     publisher="Ellipses",
     year="1984"
)
@BOOK(chambert-loir,
     author="A. Chambert-Loir",
     title="Exercices de math\'ematiques pour l'agr\'egation",
     publisher="Masson",
     year="1993"
)
@BOOK(leborgne,
     author="Leborgne",
     title="Calcul diff\'erentiel complexe",
     publisher="PUF",
     year="1996"
)
@BOOK(arnold,
     author="V Arnold",
     title="Equations diff\'erentielles ordinaires",
     publisher="Librairie du globe",
     year="1974"
)
@BOOK(gonnord-cdif,
     author="St\'ephane Gonnord and Nicolas Tosel",
     title="Thème d'analyse pour l'agr\'egation, Calcul diff\'erentiel",
     publisher="Ellipses",
     year="1996"
)
@BOOK(gonnord-topo,
     author="St\'ephane Gonnord and Nicolas Tosel",
     title="Thème d'analyse pour l'agr\'egation, Topologie et analyse fonctionnelle",
     publisher="Ellipses",
     year="1996"
)
@BOOK(tosel-rms,
     author="Nicolas Tosel",
     title="Une forme faible du th\'eorème taub\'erien de Wiener-Ikehara",
     publisher="RMS",
     year="1999"
)
@BOOK(arnold-physique,
     author="V Arnold",
     title="M\'ethodes math\'ematiques de la m\'ecanique classique",
     publisher="MIR",
     year="1976"
)
@BOOK(hirsch-smale,
     author="Morris W. Hirsch and Stephen Smale",
     title="Differential equations, dynamical systems and linear algebra",
     publisher="Academic Press",
     year="1974"
)
@BOOK(markushevich,
     author="A.I. Markushevich",
     title="Theory of functions of a complex variable",
     publisher="",
     year="1965"
)
@BOOK(valiron,
     author="Georges Valiron",
     title="Th\'eorie des fonctions",
     publisher="Masson",
     year="1965"
)
@BOOK(klingenberg,
     author="Wilhelm Klingenberg",
     title="A course in differential geometry",
     publisher="Springer Verlag",
     year="1978"
)
@BOOK(bourbaki-fvr,
     author="Nicolas Bourbaki",
     title="Elements de math\'ematiques. Fonctions d'une variable r\'eelle.",
     publisher="Hermann",
     year="1958"
)
@BOOK(dieudonne-calc-infinit,
     author="Jean Dieudonn\'e",
     title="Calcul infinit\'esimal",
     publisher="Hermann",
     year="1980"
)
@BOOK(boyd-spectral,
     author="John P. Boyd",
     title="Chebyshev and {F}ourier Spectral Methods",
     publisher="Dover Publications",
     year="2000"
)
@BOOK(ciarlet,
     author="Philippe G. Ciarlet",
     title="Introduction à lanalyse num\'erique et à l'optimisation",
     publisher="Dunod",
     year="1990"
)
@BOOK(demailly,
     author="Jean Pierre Demailly",
     title="Analyse num\'erique et \'equations diff\'erentielles",
     publisher="EDP",
     year="1996"
)
@BOOK(kress,
     author="Rainer Kress",
     title="Linear integral equations",
     publisher="Springer Verlag",
     year="1999"
)
@BOOK(rappaz,
     author="Jacques Rappaz and Marco Picasso",
     title="Introduction à l'analyse num\'erique",
     publisher="Presses polytechniques et universitaires romandes",
     year="1990"
)
@BOOK(nr,
     author="William Press",
     title="Numerical Recipes in C : the art of computer programming",
     publisher="Cambridge University Press",
     year="1988"
)
@BOOK(stoer,
     author="J. Stoer and R. Bulirsch",
     title="Introduction to Numerical Analysis",
     publisher="Springer Verlag",
     year="1980"
)
@BOOK(nurbs-book,
     author="Les Piegl and Wayne Tiller",
     title="The NURBS book",
     publisher="Springer Verlag",
     year="1997"
)
@BOOK(raviart,
     author="Pierre-Arnaud Raviart and Jean-Marie Thomas",
     title="Introduction à l'analyse num\'erique des \'equations aux d\'eriv\'ees partielles",
     publisher="Dunod",
     year="1998"
)
@BOOK(durrett,
     author="Richard Durrett",
     title="Probability : theory and examples, second edition",
     publisher="Duxbury Press",
     year="1991"
)
@BOOK(lapeyre,
     author="Lapeyre and Pardoux and Sentis",
     title="M\'ethodes de Monte-Carlo pour les \'equations de transport et de diffusion",
     publisher="Springer Verlag",
     year="1998"
)
@BOOK(ouvrard-1,
     author="Jean-Yves Ouvrard",
     title="Probabilit\'e 1",
     publisher="Cassini",
     year="2000"
)
@BOOK(ouvrard-2,
     author="Jean-Yves Ouvrard",
     title="Probabilit\'e 2",
     publisher="Cassini",
     year="2000"
)
@ARTICLE(shannon-info,
     author="Claude E. Shannon",
     title="A Mathematical Theory of Communication",
     journal="Bell System Technical Journal",
     volume="27",
     pages="379--423 and 623-656",
     year="1948"
)
@ARTICLE(cooley-tukey-fft,
     author="J. W. Cooley and J. W. Tukey",
     title="An algorithm for the machine calculation of complex {F}ourier series",
     journal="Math. Computat.",
     volume="19",
     pages="297-301",
     year="1965"
)
@BOOK(arndt-algo-programmers,
     author="Jörg Arndt",
     title="Algorithms for programmers",
     url="http://www.jjj.de/fxt",
     year="2002"
)
@BOOK(brigham-fft,
     author="E. Oran Brigham",
     title="Fast {F}ourier Transform and its Applications",
     publisher="Prentice Hall",
     year="1988"
)
@BOOK(demengel,
     author="Gilbert Demengel",
     title="Transform\'ees de {F}ourier g\'en\'eralis\'ees",
     publisher="Ellipses",
     year="1999"
)
@BOOK(clausen-baum,
     author="M. Clausen and U. Baum",
     title="The fast {F}ourier transform",
     publisher="B.I. Wissenschaftverlag Manheim",
     year="1993"
)
@BOOK(ersoy,
     author="Okan Ersoy",
     title="Fourier related transforms, fast algorithms and applications",
     publisher="Prentice Hilll PTR",
     year="1997"
)
@BOOK(draconis,
     author="Persi Diaconis",
     title="Group representations in probability and statistics",
     publisher="IMS, Hayward, CA",
     year="1988"
)
@BOOK(wich,
     author="Robert Wich",
     title="Z transform, theory and applications",
     publisher="D.Reidel Publishing Compaghy",
     year="1987"
)
@BOOK(bracewell,
     author="Ronald Bracewell",
     title="The {H}artley transform",
     publisher="Oxford University Press",
     year="1986"
)
@BOOK(elliot-rao,
     author="Douglas F. Elliot and K..Ramanuhan Rao",
     title="Fast transforms - algorithms, analyses applications",
     publisher="Academic Press",
     year="1993"
)
@BOOK(walker,
     author="James S. Walker",
     title="Fast {F}ourier transforms",
     publisher="CRC Press",
     year="1991"
)
@ARTICLE(bailey-frac-trans,
     author="David H. Bailey and Paul N. Swarztrauber",
     title="The fractional {F}ourier transform and applications",
     journal="RNR Technical Report",
     url="http://www.nas.nasa.gov/Research/Reports/Techreports/1990/PS/RNR-90-004.ps",
     year="1995"
)
@ARTICLE(bailey-pi,
     author="David H. Bailey",
     title="The computation of $\pi$ to 29.360.000 decimal digits using {B}orweins' quartically convergent algorithm",
     journal="Mathematics of Computation",
     volume="50",
     number="181",
     pages="283--296",
     url="http://www.nersc.gov/~dhbailey/dhbpapers/pi.ps",
     year="1987"
)
@ARTICLE(ullmann,
     author="Ronald F. Ullmann",
     title="An algorithm for the fast {H}artley transform",
     journal="Stanford Exploration Project",
     volume="SEP-38",
     url="http://sepwww.stanford.edu/oldreports/sep38/38_29.ps.gz",
     year="1984"
)
@ARTICLE(lewis,
     author="J.P. Lewis",
     title="Fast normalized cross-correlation",
     journal="Vison Interface",
     pages="120--123",
     url="http://www.idiom.com/~zilla/Work/nvisionInterface/nip.pdf",
     year="1995"
)
@ARTICLE(swarztrauber,
     author="Paul N. Swarztrauber and Roland A. Sweet",
     title="The {F}ourier and cyclic reduction for solving {P}oisson's equation",
     journal="Handbook of Fluid Fynamics and Fluid Machinery",
     publisher="John Wiley and Sons, NY",
     year="1996"
)
@ARTICLE(strang-dct,
     author="Gilbert Strang",
     title="The Discrete Cosine Transform",
     journal="SIAM Review",
     volume="41",
     number="1",
     pages="135--147",
     year="1999"
)
@BOOK(claerbout-fgdp,
     author="Jon Claerbout",
     title="Fundamentals of Geophysical Data Processing",
     url="http://sepwww.stanford.edu/sep/prof",
     publisher="McGraw Hill",
     year="1976"
)
@BOOK(smith-segdps,
     author="Steven W. Smith",
     title="The Scientist and Engineer's Guide to Digital Signal Processing ",
     url="http://www.dspguide.com",
     publisher="California Technical Publishing ",
     year="1997"
)
@ARTICLE(swarztrauber-bluestein,
     author="Paul N. Swarztrauber and Roland A. Sweet and William L. Briggs and Van-Emden Henson and James Otto",
     title="Bluestein's {FFT} for Arbitrary {N} on the Hypercube",
     journal="Parallel Computing",
     volume="Vol.17",
     pages="607--617",
     year="1991"
)




@ARTICLE(unser-spline,
     author="Michael Unser and Akram Aldroubi and Murray Eden",
     title="Fast {B}-spline transforms for continous image representation and interpolation",
     journal="IEE transaction on pattern analysis and machine intelligence",
     volume="13",
     number="3",
     pages="277--285",
     year="1991"
)
@ARTICLE(burrus-fft,
     author="Charles S. Burrus",
     title="Notes on the {FFT}",
     url="http://www.fftw.org/burrus-notes.html",
     publisher="Department of Electrical and Computer Engineering, Rice University",
     year="1997"
)
@ARTICLE(fftw-software,
     author="Matteo Frigo and Steven G. Johnson",
     title="{FFTW}: An Adaptive Software Architecture for the {FFT}",
     journal="ICASSP conference proceedings",
     volume="3",
     pages="1381--1384",
     url="http://www.fftw.org/fftw-paper-icassp.pdf",
     year="1998"
)
@ARTICLE(vetterli-split-radix,
     author="Martin Vetterli and Pierre Duhamel",
     title="Split-radix algorithms for length-$p^m$ {DFT}'s",
     journal="IEEE Transactions on Accoustic, Speech, Signal Processing",
     volume="37",
     number="1",
     pages="57--64",
     year="1989"
)
@UNPUBLISHED(daubechies-exponential,
     author="I. Daubechies and R. DeVore and C.S. Güntürk and V.A. Vaishampayan",
     title="Exponential Precision in A/D Conversion with an Imperfect Quantizer",
     year="2001"
)
@UNPUBLISHED(daubechies-reconstructing,
     author="I. Daubechies and R. DeVore",
     title="Reconstructing a bandlimited function from very coarsely quantized data: A family of stable sigma-delta modulators of arbitrary order",
     year="2001"
)
@ARTICLE(cvetkovic-oversampled,
     author="Z. Cvetkovic and M. Vetterli",
     title="On simple oversampled {A}/{D} conversion in L2(R)",
     journal="IEEE Transaction on Information Theory",
     volume="47",
     number="1",
     pages="59--73",
     url="http://lcavwww.epfl.ch/~vetterli/publications/journals/On_simple_oversampledAD_Conv_012001.pdf",
     year="2001"
)
@UNPUBLISHED(gray-quantization,
     author="Robert M. Gray",
     title="Quantization {N}oise in Sigma/Delta {A}/{D} {C}onverters",
     url="http://citeseer.nj.nec.com/gray95quantization.html",
     year="1995"
)
@ARTICLE(cariolaro-partial-fourier,
     author="Gianfranco Cariolaro and Tomaso Erseghe and Peter Kraniauskas and Nicola Laurenti",
     title="Multiplicity of Fractional {F}ourier Transforms and Their Relationships",
     journal=" IEEE Transactions on Signal Processing",
     volume="48",
     number="1",
     pages="227--241",
     year="2000"
)
@ARTICLE(dickinson-eigenvectors,
     author="Bradley W. Dickinson and Kenneth Steiglitz",
     title="Eigenvectors and Functions of the Discrete {F}ourier Transform",
     journal="IEEE Transaction on Acoustics, Speech, and Signal Processing",
     volume="30",
     number="1",
     pages="25--31",
     year="1982"
)
@ARTICLE(candan-fractional,
     author="Cagatay Candan and M. Alper Kutay and Haldun M. Ozaktas",
     title="The discrete fractional {F}ourier transform",
     journal="IEEE Trans. on Signal Processing",
     volume="48",
     pages="1329--1337",
     year="2000"
)
@ARTICLE(kushilevitz-learning-decision-tree,
     author="Eyal Kushilevitz and Yishay Mansour",
     title="Learning Decision Trees using the {F}ourier Spectrum",
     journal="SIAM Journal on Computing",
     volume="22",
     number="6",
     pages="1331--1348",
     url="http://citeseer.nj.nec.com/kushilevitz91learning.html",
     year="1991"
)
@ARTICLE(boneh-learning-boolean,
     author="Dan Boney",
     title="Learning using group representations",
     journal="Proc. COLT 1995",
     pages="418--426",
     url="http://theory.stanford.edu/~dabo/papers/grouprep.ps.gz",
     year="1995"
)
@ARTICLE(mansour-learning-fourier,
     author="Y. Mansour",
     title="Learning Boolean Functions via the Fourier Transform",
     journal="Theoretical Advances in Neural Computation and Learning",
     pages="391--424",
     url="http://www.math.tau.ac.il/~mansour/papers/fourier-survey.ps.gz",
     year="1994"
)
@ARTICLE(passalic-boolean,
     author="Enes Passalic and Thomas Johansson",
     title="Further Results on the Relation Between Nonlinearity and Resiliency for Boolean Functions",
     journal="Conference on Cryptography and Coding",
     url="http://citeseer.nj.nec.com/pasalic99further.html",
     year="1994"
)
@ARTICLE(rothaus-bent,
     author="Oscar S. Rothaus",
     title="On bent functions",
     journal="Journal of combinatorial theory",
     volume="20A",
     pages="300--305",
     year="1976"
)
@BOOK(bourke-homepage,
     author="Paul Bourke",
     title="Page personnelle",
     url="http://astronomy.swin.edu.au/pbourke/modelling/implicitsurf"
)
@BOOK(peyre-marching-cube,
     author="Gabriel Peyr\'e",
     title="Implementation de l'algorithme Marching Cubes",
     url="http://orion3d.alrj.org",
     year="2000"
)
@BOOK(cerdat-reconstruction,
     author="Cerdat Fr\'ed\'eric",
     title="Reconstruction de Surfaces à partir de nuages de points",
     url="http://www.progzone.fr.st",
     year="2002"
)
@BOOK(gershbein,
     author="Reid Gershbein",
     title="Integration methods for Galerkin radiosity couplings",
     publisher="Priceton University, CS",
     year="1995"
)
@BOOK(cohen-radiosity,
     author="DP Cohen and DW Wallace",
     title="Radiosity and realistic image synthesis",
     publisher="Accademic Press Proffessional, Boston",
     year="1993"
)
@BOOK(compedium,
     author="Philip Dutr\'e",
     title="Global Illumination Compedium",
     publisher="Cornell University, CS",
     year="2001"
)
@BOOK(arvo,
     author="James Arvo",
     title="Linear operators and integral equations in global illumination",
     publisher="Cornell University",
     year="1993"
)
@BOOK(heckbert1,
     author="Paul S. Heckbert",
     title="Introduction to finite element methods",
     publisher="Carnegie Mellon University, SIGGRAPH '93",
     year="1993"
)
@BOOK(heckbert2,
     author="Paul S. Heckbert",
     title="Finite element methode for radiosity",
     publisher="Carnegie Mellon University, SIGGRAPH '93",
     year="1993"
)
@BOOK(heckbert3,
     author="Paul S. Heckbert",
     title="Introduction to global illumination",
     publisher="SIGGRAPH '92",
     year="1992"
)
@BOOK(cohen-relax,
     author="DP Cohen and Steven Gortler and Philipp Slusallek",
     title="Radiosity and realistic image synthesis",
     publisher="Accademic Press Proffessional, Boston",
     year="1993"
)
@BOOK(heirich,
     author="A. Heirich",
     title="Global illumination and Monte Carlo",
     year="1997"
)
@BOOK(meyer-operateurs-1,
     author="Yves Meyer",
     title="Ondelettes et Op\'erateurs 1, Ondelettes.",
     publisher="Hermann",
     year="1980"
)
@BOOK(mallat,
     author="St\'ephane Mallat",
     title="Une exploration des signaux en ondelettes",
     publisher="Editions de l'\'ecole Polytechnique",
     year="2000"
)
@ARTICLE(sweldens-lifting,
     author="Wim Sweldens",
     title="The Lifting Scheme: {A} Construction of Second Generation Wavelets",
     journal="SIAM Journal on Mathematical Analysis",
     volume="29",
     number="2",
     pages="511--546",
     url="http://citeseer.nj.nec.com/sweldens98lifting.html",
     year="1998"
)
@UNPUBLISHED(daubechies-factoring,
     author="Ingrid Daubechies and Wim Sweldens",
     title="Factoring Wavelet Transforms into Lifting Steps",
     url="http://citeseer.nj.nec.com/daubechies96factoring.html",
     year="1996"
)
@BOOK(shroder-spherical-texture,
     author="Peter Schröder and Wim Sweldens",
     title="Spherical Wavelets: Texture Processing",
     year="1996"
)
@ARTICLE(shroder-spherical-wavelets,
     author="Peter Schröder and Wim Sweldens",
     title="Spherical wavelets: efficiently representing functions on the sphere",
     journal="Computer Graphics",
     volume="29",
     number="{Annual Conference Series}",
     pages="161--172",
     url="http://citeseer.nj.nec.com/article/oder95spherical.html",
     year="1995"
)
@ARTICLE(guskov-normal-meshes,
     author="Igor Guskov and Kiril Vidimce and Wim Sweldens and Peter Schröder",
     title="Normal meshes",
     journal="Siggraph 2000, Computer Graphics Proceedings",
     pages="95--102",
     publisher="ACM Press / ACM SIGGRAPH / Addison Wesley Longman",
     year="2000"
)
@UNPUBLISHED(kostelec-computational,
     author="Peter Kostelec and David K. Maslen and Daniel N. Rockmore and Dennis Healy",
     title="Computational Harmonic Analysis For Tensor Fields On The Two-Sphere",
     url="http://citeseer.nj.nec.com/298522.html"
)
@UNPUBLISHED(fft-2-sphere,
     author="D.M. Healy and D. Rockmore and P. J. Kostelec",
     title="{FFT}s for the 2-Sphere Improvements and Variations",
     url="http://citeseer.nj.nec.com/healy96ffts.html",
     year="1996"
)
@ARTICLE(shapiro-zerotree,
     author="J. M. Shapiro",
     title="Embedded image coding using zerotrees of wavelet coefficients",
     journal="IEEE Trans. on Signal Processing",
     pages="3445--3462",
     url="http://thanglong.ece.jhu.edu/~cjtu/link/EZW.pdf",
     year="1993"
)
@ARTICLE(said-zerotree,
     author="Amir Said and William A. Pearlman",
     title="A New Fast and Efficient Image Codec Based on Set Partitioning in Hierarchical Trees",
     journal="IEEE Transactions on Circuits and Systems for Video Technology",
     pages="243--250",
     url="http://citeseer.nj.nec.com/said96new.html",
     year="1996"
)
@ARTICLE(compression-functions-kolarov,
     author="Krasimir Kolarov and William Lynch",
     title="Compression of functions defined on surfaces of 3D objects",
     url="http://citeseer.nj.nec.com/kolarov97compression.html",
     year="1997"
)
@ARTICLE(taubman-ebcot,
     author="David Taubman",
     title="High Performance Scalable Image Compression with EBCOT",
     journal="IEEE Transactions on Image Processing",
     pages="1158--1170",
     url="http://www.cs.ccu.edu.tw/~cwlin/courses/vsp/notes/EBCOT.pdf",
     year="2000"
)
@ARTICLE(mallat-compression,
     author="F. Falzon and S. Mallat",
     title="Analysis of low bit rate image transform coding",
     journal="IEEE Transaction on Signal Processing",
     year="1998"
)
@ARTICLE(lepennec-bandelets,
     author="Erwan Le Pennec and St\'ephane Mallat",
     title="Image representation and compression with bandelets",
     journal="Tech. Rep. CMAP Ecole Polytechnique",
     year="2000"
)
@ARTICLE(lepennec-geom-wavelet,
     author="Erwan Le Pennec and St\'ephane Mallat",
     title="Image compression with geometrical wavelets"
)
@ARTICLE(mallat-foveal,
     author="St\'ephane Mallat",
     title="Foveal orthonormal wavelets for singularities",
     journal="Tech. Rep. CMAP, Ecole Polytechnique",
     year="2000"
)
@ARTICLE(flornes,
     author="Kristin Flornes and Alex Grossman and Matthias Holschneider and Bruno Torr\'esani",
     title="Wavelets on discrete fields",
     journal="Applied and Computational Harmonic Analysis",
     volume="1",
     pages="137--147",
     url="http://www.cmi.univ-mrs.fr/~torresan/papers/kristin.ps.gz",
     year="1994"
)
@BOOK(boissonat,
     author="Jean-Daniel Boissonnat and Mariette Yvinec",
     title="G\'eom\'etrie algorithmique",
     publisher="Ediscience international",
     year="1995"
)
@UNPUBLISHED(subdivision-base-representation,
     author="Denis Zorin and Michael Holst and Peter Schröder",
     title="Subdivision-Based Surface Representations",
     url="http://citeseer.nj.nec.com/389222.html"
)
@UNPUBLISHED(schroder-catmaull-clark,
     author="Jeffrey Bolz and Peter Schröder",
     title="Rapid Evaluation of Catmull-Clark Subdivision Surfaces",
     url="http://citeseer.nj.nec.com/483572.html"
)
@BOOK(praun-consistent,
     author="Emil Praun and Wim Sweldens and Peter Schröder",
     title="Consistent Mesh Parameterizations",
     url="http://citeseer.nj.nec.com/praun01consistent.html"
)
@ARTICLE(maps-lee,
     author="Aaron W. F. Lee and Peter Schröder and Wim Sweldens and Lawrence Cowsar and David Dobkin",
     title="{MAPS}: Multiresolution Adaptive Parameterization of Surfaces",
     journal="Computer Graphics",
     volume="32",
     number="{Annual Conference Series}",
     pages="95--104",
     url="http://citeseer.nj.nec.com/lee98maps.html",
     year="1998"
)
@ARTICLE(floater-parametrisation,
     author="Michael S. Floater and Kai Hormann and Martin Reimers",
     title="Parameterization of manifold triangulations",
     journal="Approximation Theory X: Abstract and Classical Analysis",
     pages="197--209",
     url="http://www.cs.caltech.edu/~hormann/papers/manifold.pdf",
     year="2002"
)
@ARTICLE(desbrun-parametrization,
     author="Mathieu Desbrun and Mark Meyer and Pierre Alliez",
     title="Intrinsic Parameterizations of Surface Meshes",
     journal="Eurographics conference proceedings",
     volume="21",
     number="2",
     pages="209--218",
     year="2002"
)
@ARTICLE(alliez-anisotropic,
     author="Pierre Alliez and David Cohen-Steiner and Olivier Devillers and Bruno Levy and Mathieu Desbrun",
     title="Anisotropic Polygonal Remeshing",
     journal="ACM Transactions on Graphics",
     url="ftp://ftp-sop.inria.fr/prisme/alliez/anisotropic.pdf",
     year="2003"
)
@ARTICLE(alliez-isotropic,
     author="Pierre Alliez and Eric Colin de Verdière and Olivier Devillers and Martin Isenburg",
     title="Isotropic Surface Remeshing",
     journal="International Conference on Shape Modeling and applications",
     year="2003"
)
@UNPUBLISHED(meyer-discrete-differential,
     author="Mark Meyer and Mathieu Desbrun and Peter Schröder and Alan H. Barr",
     title="Discrete Differential-Geometry Operators for Triangulated 2-Manifolds",
     journal="Proceedings of VisMath",
     url="http://citeseer.nj.nec.com/487176.html",
     year="2002"
)
@ARTICLE(cohen-normal-cycles,
     author="David Cohen-Steiner and Jean-Marie Morvan",
     title="Restricted Delaunay triangulations and normal cycles",
     journal="Proc. 19th Annu. ACM Sympos. Comput. Geom.",
     pages="237--246",
     year="2003"
)
@BOOK(hormann-thesis,
     author="Kai Hormann",
     title="Theory and applications of parameterizing triangulations",
     url="http://www.cs.caltech.edu/~hormann/papers/thesis.pdf",
     year="2001"
)
@ARTICLE(kaneva-implementation,
     author="Biliana Kaneva and J. O'Rourke",
     title="An Implementation of Chen and Han's Shortest Paths Algorithm",
     journal="Proceedings of the 12th Canadian Conference on Computational Geometry",
     url="ftp://cs.smith.edu/pub/orourke.papers/shortest.ps.gz",
     year="2000"
)
@ARTICLE(polthier-geodesic,
     author="Konrad Polthier and Markus Schmies",
     title="Straightest Geodesics on Polyhedral Surfaces",
     journal="Mathematical Visualization, Ed: H.C. Hege, K. Polthier, Springer Verlag",
     pages="391",
     year="1998"
)
@ARTICLE(chen-han-shortest,
     author="J. Chen and Y. Hahn",
     title="Shortest path on a polyhedron",
     journal="Proc. 6th {A}nnu. {ACM} {S}ympos. {C}omput {G}eom",
     pages="360--369",
     year="1990"
)
@ARTICLE(polthier-flow,
     author="Konrad Polthier and Markus Schmies",
     title="Geodesic Flow on Polyhedral Surfaces",
     journal="Data Visualization",
     publisher="Springer Verlag",
     year="1999"
)
@ARTICLE(zigelman-flattening,
     author="G. Zigelman and R. Kimmel and N. Kiryati",
     title="Texture mapping using surface flattening via multi-dimensional scaling",
     journal="IEEE Trans. on Visualization and Computer Graphics",
     volume="8",
     number="1",
     pages="198--207",
     url="http://www.cs.technion.ac.il/~ron/PAPERS/ieee_pami_voxel.ps.gz",
     year="2002"
)
@ARTICLE(elad-bending,
     author="A. Elad (Elbaz) and R. Kimmel",
     title="Bending invariant representations for surfaces",
     journal="Proc. of CVPR'01 Hawaii",
     url="http://www.cs.technion.ac.il/~ron/PAPERS/A194_AsiElad.ps.gz",
     year="2001"
)
@ARTICLE(sethian-fast-marching-methods,
     author="J.A. Sethian",
     title="Fast Marching Methods",
     journal="SIAM Review",
     volume="41",
     number="2",
     pages="199--235",
     url="http://citeseer.nj.nec.com/265786.html",
     year="1999"
)
@ARTICLE(sethian-geodesic-path,
     author="J.A. Sethian and R. Kimmel",
     title="Computing geodesic paths on manifolds",
     journal="Proc. of Natl. Acad. Sci.",
     volume="95",
     number="15",
     pages="8431--8435",
     url="http://citeseer.nj.nec.com/kimmel98computing.html",
     year="1998"
)
@ARTICLE(sethian-voronoi,
     author="J.A. Sethian and R. Kimmel",
     title="Fast Voronoi Diagrams and Offsets on Triangulated Surfaces",
     journal="In Curves and Surfaces. A K Peters, Ltd., Wellesley, Massachusetts",
     url="http://citeseer.nj.nec.com/kimmel99fast.html",
     year="1998"
)
@BOOK(sethian-book,
     author="J.A. Sethian",
     title="Level Set Methods: Evolving Interfaces in Geometry, Fluid Mechanics, Computer Vision and Material Sciences",
     publisher="Cambridge University Press",
     year="1996"
)
@UNPUBLISHED(memoli-points-clouds,
     author="Guillermo Sapiro and Facundo Memoli",
     title="Distance functions and geodesics on points clouds",
     url="http://www.ima.umn.edu/preprints/dec2002/1900.pdf",
     year="2002"
)
@UNPUBLISHED(memoli-implicit,
     author="Guillermo Sapiro and Facundo Memoli",
     title="Fast computation of distance functions and geodesics on implicit surfaces",
     year="2002"
)
@ARTICLE(fomel-variational-eikonal,
     author="Sergey Fomel",
     title="A variational formulation of the fast marching eikonal solver",
     journal="Stanford Exploration Project, Report SERGEY",
     pages="455--475",
     url="http://sepwww.stanford.edu/oldsep/sergey/sepsergey/fmeiko.pdf",
     year="2000"
)
@ARTICLE(sethian-fast-method-unstructured-meshes,
     author="J.A. Sethian and A. Vladimirsky",
     title="Fast methods for the Eikonal and related Hamilton- Jacobi equations on unstructured meshes",
     journal="Proc. Natl. Acad. Sci. USA",
     volume="97",
     number="11",
     pages="5699--5703",
     url="http://www.pnas.org/",
     year="2000"
)
@ARTICLE(cohen-contour-finding,
     author="Laurent Cohen",
     title="Multiple Contour Finding and Perceptual Grouping using Minimal Paths",
     journal="Journal of Mathematical Imaging and Vision",
     volume="14",
     number="3",
     url="http://www.ceremade.dauphine.fr/~cohen/mypapers/ceremade0101.pdf.gz",
     year="2001"
)
@UNPUBLISHED(baraff-1,
     author="David Baraf",
     title="An Introduction to Physically Based Modeling: Rigid Body Simulation, 1-Unconstrained Rigid Body Dynamics",
     year="1997"
)
@UNPUBLISHED(baraff-2,
     author="David Baraf",
     title="An Introduction to Physically Based Modeling: Rigid Body Simulation, 2-Nonpenetration Constraints",
     year="1997"
)
@UNPUBLISHED(baraff-fastforcecomp,
     author="David Baraf",
     title="Fast contact force computation for nonpenetrating rigid bodies",
     year="1994"
)
@UNPUBLISHED(baraff-lineartime,
     author="David Baraf",
     title="Linear time dynamics using Lagrange multipliers",
     year="1996"
)
@BOOK(shabana-compdyn,
     author="A.A. Shabana",
     title="Computational Dynamics",
     publisher="John Wiley and Sons",
     year="1994"
)
@BOOK(ming-thesis,
     author="Ming C. Lin",
     title="Efficient Collision Detection for Animation and Robotics",
     url="http://www.cs.unc.edu/~lin/papers.html",
     year="1997"
)
@BOOK(ming-survey,
     author="Ming C. Lin and C. Gottschalk",
     title="Collision Detection between Geometric Models : A Survey",
     url="http://www.cs.unc.edu/~lin/papers.html",
     year="1998"
)
@UNPUBLISHED(jakobsen,
     author="Thomas Jakobsen",
     title="Advanced Character Physics",
     url="http://www.ioi.dk/Homepages/tj/publications/gdc2001.htm",
     year="1998"
)
@MISC(i-collide-homepage,
     author="Ming C. Lin and D. Manocha and J. Cohen and K. Ponamgi",
     title="I-COLLIDE : An Interactive and Exact Collision Detection System for Large-Scaled Environments",
     url="http://www.cs.unc.edu/%7Egeom/collide/index.shtml",
     year="1998"
)
@MISC(north-carol-homepage,
     author="University of North Carolina",
     title="UNC Gamma Research Group",
     url="http://www.cs.unc.edu/~geom"
)
@MISC(ming-hompage,
     author="Ming C. Lin",
     title="Ming Lin homepage",
     url="http://www.cs.unc.edu/~lin/"
)
@BOOK(opcode-homepage,
     author="Pierre Terdiman",
     title="OPCODE",
     url=""
)
@UNPUBLISHED(trinkle-compformulation-fric,
     author="Jeffrey C. Trinkle and Jong-Shi Pang",
     title="Complementary formulations and existence of solutions of dynamic multi-rigid-body contact problems with Coulomb friction",
     year="1994"
)
@BOOK(trinkle-contactprbm,
     author="Jeffrey C. Trinkle and Jong-Shi Pang",
     title="On dynamic multi-rigid-body contact problems with Coulomb friction",
     year="1995"
)
@UNPUBLISHED(witkin-intro,
     author="Andrew Witkin",
     title="An Introduction to Physically Based Modeling: Constrained Dynamics",
     year="1997"
)
@UNPUBLISHED(witkin-inter-dyn,
     author="Andrew Witkin",
     title="Interactive dynamics",
     year="1997"
)
@BOOK(red-book,
     author="Jackie Neider and Tom Davis and Mason Woo",
     title="{O}pen{GL} Programming Guide",
     url="http://ask.ii.uib.no/ebt-bin/nph-dweb/dynaweb/SGI_Developer/OpenGL_PG/",
     publisher="Addison-Wesley Publishing Company",
     year="1997"
)
@MISC(opengl-homepage,
     author="Various",
     title="{O}pen{GL} Homepage",
     url="http://www.opengl.org"
)
@MISC(orion3d-homepage,
     author="Gabriel Peyr\'e and Antoine Bouthors",
     title="La pages d'{O}rion{3D}",
     url="http://orion3d.alrj.org"
)
@MISC(antoche-homepage,
     author="Antoche ",
     title="La pages d'{Antoche}",
     url="http://antoche.alrj.org"
)
@MISC(nate-homepage,
     author="Nate Robin",
     title="La pages de {N}ate {R}obin ({GLUT})",
     url="http://www.xmission.com/~nate/glut.html"
)
@MISC(opengl-extensions,
     author="Various",
     title="{O}pen{GL} extensions registry",
     url="http://oss.sgi.com/projects/ogl-sample/registry/"
)
@BOOK(glut-homepage,
     author="Various",
     title="{GLUT} homepgae",
     url="http://www.opengl.org/developers/documentation/glut.html"
)
@MISC(stewart-homepage,
     author="James Stewart",
     title="Page personnelle",
     url="http://www.dgp.toronto.edu/people/JamesStewart/terrainSummary/"
)
@MISC(gamedev-quadtut,
     author="gamedev.net",
     title="Tutorial on quadtree",
     url="http://www.gamedev.net/reference/programming/features/quadtrees/"
)
@MISC(roam-homepage,
     author="Mark Duchaineau",
     title="{ROAM} homepage",
     url="http://www.llnl.gov/graphics/ROAM/"
)
